3694 5626
590 532 656 627 146
835 549 946 600 nrum
965 547 1116 601 ousctu
1135 545 1359 600 cnnrsrmur

512 789 569 836 ωε
584 769 769 842 Confestim
794 771 892 867 igitur
922 767 1138 867 quadraginta
1163 792 1316 866 quattuor
1343 767 1482 838 armavit
1500 764 1612 862 galeas

451 883 533 930 Ofiob·
547 900 568 946 9·
582 879 617 947 δι
636 902 711 947 cum
729 876 777 946 his
794 879 827 948 in
846 877 925 947 sesto
942 876 1050 978 Sansli
1063 873 1209 968 Dionysrj
1226 877 1316 946 irruit
1332 875 1424 969 super
1441 896 1511 941 nos.

629 985 708 1054 Vlll.
734 983 907 1056 Christiani
929 1009 1008 1054 veto
1034 985 1223 1056 catervatim
1248 1009 1306 1081 per
1331 979 1479 1054 sabulum
1494 978 1611 1049 armati

580 1089 779 1180 incedentes,
805 1115 867 1162 nec
883 1115 1024 1162 mortem
1041 1116 1102 1186 pto
1120 1090 1238 1164 Christi
1255 1091 1401 1179 nomine,
1426 1111 1487 1158 nec
1503 1084 1610 1156 iacula

582 1196 805 1288 formidantes,
834 1197 887 1268 sed
906 1198 938 1267 in
967 1195 1094 1268 honore
1115 1201 1150 1268 ἃ
1169 1196 1266 1268 laude
1287 1197 1350 1268 Dei
1371 1195 1609 1293 perseverantes

581 1304 683 1375 multa
695 1301 773 1401 paffi
787 1304 859 1375 sunt
869 1303 1048 1402 opprobria
1061 1307 1095 1374 ἃ
1108 1304 1240 1376 vulnera
1252 1307 1285 1374 in
1298 1301 1351 1374 die
1363 1303 1426 1374 illa.
1443 1299 1608 1372 Dominus

580 1435 690 1482 autem
716 1411 852 1508 legatus,
878 1407 1026 1482 deferens
1051 1411 1180 1508 lignum
1203 1410 1374 1482 Salvatoris
1398 1409 1433 1479 in
1457 1401 1608 1478 manibus

580 1517 652 1608 suis,
679 1514 869 1588 hortabatur
887 1517 1055 1588 milites&
1072 1515 1196 1613 pedites
1219 1515 1263 1587 ad
1280 1513 1474 1610 obsequium
1492 1513 1606 1583 Cruci-

580 1621 645 1714 fixi,
663 1625 698 1692 &
714 1647 791 1693 ecce
809 1619 913 1693 subito
930 1624 1105 1694 innovatus
1121 1623 1166 1694 est
1181 1621 1234 1693 ille
1252 1623 1434 1694 Daviticus:
1451 1623 1606 1713 Saulper·

579 1732 661 1822 cuffir
673 1730 802 1799 mille&
818 1732 924 1818 David
941 1733 1039 1799 decem
1057 1731 1145 1799 ntr'lt'o
1165 1727 1198 1824 (1
1218 1731 1440 1820 Satn.,xV111,
1457 1728 1507 1819 7).
1526 1725 1606 1795 Non

580 1837 684 1906 solum
713 1837 801 1907 enim
825 1834 941 1906 milites
964 1836 1169 1934 Paganorum
1195 1834 1289 1907 occist
1314 1837 1396 1922 sunt,
1428 1832 1483 1906 sed
1507 1834 1605 1905 etiam

579 1942 634 2034 illi,
665 1944 721 2038 qui
747 1967 903 2016 venerant
927 1945 959 2013 in
985 1943 1097 2040 galeis,
1124 1946 1159 2014 in
1184 1969 1269 2040 aqua
1286 1938 1436 2014 submersr
1460 1942 1544 2032 sunt,
1569 1941 1605 2009 ὅ(

579 2073 665 2144 aqua
682 2049 837 2145 sanguine
849 2050 884 2118 δι
896 2048 1052 2144 spurcicia
1071 2074 1187 2118 eorum
1204 2047 1289 2120 adeo
1302 2049 1423 2120 insessa
1438 2048 1493 2135 est,
1513 2043 1604 2143 quod

579 2155 736 2251 plurimos
754 2153 822 2225 dies
841 2151 905 2225 stne
922 2179 1008 2250 aqua
1024 2157 1059 2225 ἀ
1076 2158 1228 2228 cottione
1247 2152 1376 2227 suimus.

628 2261 678 2332 lX.
701 2261 770 2331 Poll
795 2259 855 2332 hec
877 2261 1036 2359 applicuit
1053 2261 1259 2359 Ruodpertus
1285 2261 1326 2334 de
1343 2259 1503 2334 Ctufione
1528 2286 1604 2332 curn

579 2367 786 2440 Tubernense
813 2371 934 2439 comite
955 2372 990 2440 ἃ
1010 2372 1131 2441 comite
1160 2367 1201 2440 de
1224 2370 1377 2461 Matthia,
1412 2371 1468 2467 qui
1484 2367 1604 2440 multos

579 2479 687 2546 secum
713 2473 915 2562 adduxerant
945 2477 1186 2548 commilitones
1212 2475 1254 2548 de
1278 2477 1387 2549 Gallia
1411 2479 1447 2548 ἃ
1473 2475 1603 2573 Anglia

578 2580 778 2677 Perpendens
792 2606 901 2654 autem
919 2609 974 2654 rex
990 2583 1106 2682 ligipti,
1127 2582 1218 2680 quod
1235 2584 1492 2656 Christianorum
1509 2584 1604 2653 cotti-

578 2685 631 2759 die
647 2685 826 2786 augebatur
843 2691 1009 2778 exercitus,
1038 2691 1205 2790 cogitavit,
1235 2691 1338 2786 quod,
1362 2715 1540 2787 antequam
1556 2687 1603 2759 isti

578 2820 681 2892 equos
699 2793 949 2867 extraherent&
962 2823 1052 2868 arma
1070 2795 1111 2869 de
1128 2795 1264 2870 navibus
1282 2822 1493 2896 exponerent,
1510 2797 1604 2891 super

577 2927 639 2972 nos
655 2927 782 2974 irruere.

704 3120 846 3211 Qualiter
854 3121 988 3212 secunda
1005 3125 1070 3190 vite
1077 3119 1228 3214 soldanus
1246 3123 1358 3210 nostros
1376 3123 1488 3213 iuvofir.

432 3343 515 3390 ooos.
526 3345 563 3392 2⁶.
627 3327 725 3424 lgitur
740 3328 773 3397 in
792 3327 871 3398 festo
885 3329 992 3399 saneti
1005 3329 1161 3420 Demetrij
1175 3351 1332 3401 venerunt
1344 3329 1462 3428 Pagani
1475 3325 1518 3399 ad
1531 3351 1601 3400 ten·

578 3433 670 3524 toria,
694 3433 792 3505 nostri
813 3457 934 3524 autem,
961 3437 1052 3532 equis
1076 3435 1230 3508 velociter
1251 3433 1402 3528 accensis,
1432 3434 1600 3532 perseque-

577 3535 694 3610 bantur
718 3563 775 3610 eos
793 3541 893 3637 usque
915 3539 958 3613 ad
986 3565 1124 3639 pontem
1147 3542 1248 3633 suum,
1274 3567 1448 3638 perquem
1466 3539 1601 3612 cottidie

576 3643 751 3718 veniebant
778 3646 820 3720 ad
844 3673 916 3718 nos.
948 3646 993 3718 lbi
1011 3647 1103 3720 multi
1123 3647 1218 3720 occis
1235 3649 1307 3720 sunt
1322 3647 1465 3739 illorum,
1490 3650 1526 3718 ἃ
1543 3643 1600 3718 nisr

576 3773 643 3820 nox
662 3748 809 3843 affuisset,
832 3779 908 3826 cum
930 3751 991 3824 illis
1008 3775 1146 3849 pontem
1166 3751 1392 3844 transtssemus3
1418 3751 1439 3822 fi
1463 3751 1598 3848 quidam

574 3855 717 3945 illorum,
737 3859 792 3953 qui
806 3883 943 3955 pontem
960 3860 1136 3952 evaserant,
1155 3861 1255 3958 ruptis
1274 3856 1453 3930 funibus&
1466 3859 1599 3948 catenis,

576 3960 691 4056 quibus
708 3989 793 4059 pons
810 3965 1006 4054 firmabatur,
1021 3965 1163 4038 eundern
1176 3965 1263 4038 abire
1276 3965 1475 4058 dimiserunt,
1492 3963 1600 4060 ficque

575 4069 673 4140 nostri
690 4094 766 4140 cum
779 4071 944 4169 triumpho
963 4073 1035 4145 liunt
1050 4071 1161 4146 reversi
1177 4071 1345 4145 laudantes
1357 4075 1392 4143 δι
1404 4069 1598 4144 benedicen-

576 4195 621 4243 tes
647 4175 831 4248 Dominum
854 4179 1072 4275 Sanctamque
1089 4179 1302 4251 Demetrium.
1332 4177 1402 4250 Erat
1424 4201 1532 4250 autem
1552 4175 1598 4247 ibi
