3688 5640
575 1051 949 1156 PRAEFATIO

259 1595 263 1604 ι
321 1494 336 1507 Χ
353 1504 491 1609 Α’ὺ(
514 1511 738 1598 OSTQUAM
748 1511 899 1596 Leopoldus
915 1511 1062 1576 deRanke
1076 1515 1110 1576 ὅ
1130 1511 1274 1579 Henricus

264 1608 299 1681 “f
378 1652 380 1655 ·
444 1606 489 1701 ξς
513 1611 605 1675 Portu
619 1611 770 1674 ratione&
784 1611 901 1692 exemplo
913 1609 1002 1693 primi
1013 1611 1171 1690 docuerunt,
1179 1614 1274 1696 sontes

254 1731 259 1740 ·
383 1740 430 1785 ,5
512 1707 651 1790 bistoricos
664 1707 761 1770 critica
778 1705 935 1794 subtilitate
949 1709 1070 1772 trattari
1086 1709 1187 1793 neceffe
1211 1711 1274 1794 effi,

267 1802 309 1868 ’ζ
446 1792 478 1832 ³*
514 1805 637 1868 nonnuli
660 1827 763 1886 quoque
786 1805 848 1868 viri
869 1807 947 1886 dotti,
971 1829 1086 1888 quorum
1109 1808 1138 1868 in
1161 1831 1274 1870 numero

271 1942 273 1955 ι
304 1942 323 1967 x,
346 1936 364 1957 ss
447 1918 464 1953 :x
514 1901 635 1964 habendi
662 1902 756 1988 sumt:
782 1901 871 1984 Sybol,
906 1901 1115 1986 Hagenmeyer,
1152 1902 1274 1984 Tburot,

255 2001 358 2090 Jaffb,
386 2002 504 2086 Kugler,
528 2000 646 2089 Kosack,
669 1997 882 2077 Mas-Latrie,
906 1998 998 2078 Streit,
1011 1999 1141 2081 Riezler,
1163 2001 1273 2086 Wailly

252 2100 286 2162 ὅ
295 2099 631 2186 Κὶαηςιψίτιννηςᾳιιί
649 2098 811 2180 defontibus
835 2097 966 2160 bellorum
977 2097 1133 2186 sacrorum
1151 2101 1187 2162 ab
1201 2124 1274 2164 anno

249 2197 388 2262 MXCV
402 2198 486 2286 resque
509 2199 551 2260 ad
568 2219 673 2260 annum
691 2193 819 2258 MCCV
830 2194 1025 2282 susceptorum
1043 2195 1141 2258 critica
1154 2211 1217 2260 arte
1230 2197 1275 2284 uſs

253 2293 426 2378 dofflreront.
440 2293 541 2378 Quum
555 2309 645 2356 tamen
657 2291 748 2356 adbuc
761 2294 888 2374 restaret,
903 2305 934 2352 ut
949 2293 982 2354 de
995 2290 1101 2374 Quinti
1115 2294 1178 2356 bela
1186 2295 1275 2383 sacri

243 2393 373 2474 sontibus
386 2393 479 2455 eadem
503 2392 610 2454 ratione
628 2403 769 2472 ageretur,
786 2389 871 2452 editor
892 2388 1057 2474 bbentoffime
1076 2388 1123 2452 boc
1140 2395 1273 2474 negotium

135 2517 137 2520 ·
250 2489 376 2574 suscepit,
388 2489 548 2577 presertim
559 2511 643 2572 quum
654 2487 805 2550 societate
821 2483 999 2548 illustrandis
1015 2485 1154 2551 Orientis
1169 2486 1272 2550 Latini

251 2585 468 2664 monumentis,
485 2598 517 2646 ut
529 2583 600 2646 banc
617 2597 728 2666 operam
734 2583 858 2670 subiret,
870 2583 1042 2644 commonitus
1055 2585 1127 2670 effet.

288 2681 465 2765 Quanquam
479 2680 526 2744 boc
546 2695 624 2764 opere
640 2680 766 2762 Obverij
779 2679 933 2761 Scholastici
946 2677 1077 2742 Historia
1096 2677 1273 2744 Damiatina

250 2779 284 2840 &
307 2779 430 2841 nonnulli
449 2779 501 2860 ales
510 2780 606 2863 sontes
619 2778 797 2862 principales,
816 2801 915 2840 necnon
938 2777 1077 2856 carmina,
1095 2778 1124 2838 in
1145 2777 1272 2840 volumen

251 2875 333 2938 aliud
341 2875 530 2960 reservanda,
541 2897 560 2938 a
570 2875 644 2936 nobis
654 2873 870 2959 omittendaſsnc,
881 2873 916 2935 ὅ
926 2875 1058 2937 minores
1069 2877 1273 2960 tantumfiontes

251 2972 355 3050 edendi,
365 2971 478 3059 summa
493 2987 584 3035 tamon
598 2973 632 3034 vi
644 2987 755 3054 operam
769 2972 840 3034 dare
858 2971 931 3032 nobis
944 2971 1044 3058 norff
1047 2971 1122 3054 suit,
1131 2986 1163 3034 ut
1171 2996 1272 3036 omnem

241 3069 352 3154 stlvam
376 3093 484 3148 rerum,
509 3069 651 3132 relationes
673 3068 798 3147 noinores,
820 3067 970 3151 testimonia
993 3069 1111 3148 minora,
1140 3071 1272 3154 epistolas,

252 3166 351 3244 bullas,
361 3165 476 3230 cbartas
487 3169 522 3230 ὅ
535 3167 695 3230 documenta
705 3167 794 3229 varia
805 3187 1008 3248 congereremus
1017 3167 1052 3228 ὅ·
1062 3167 1272 3254 ai'sponeremus,

251 3263 377 3344 equibus
396 3263 442 3326 boc
468 3277 535 3325 tomo
554 3265 583 3324 in
602 3264 688 3326 lucem
702 3265 842 3347 prodeunt
847 3265 1002 3352 scriptores
1019 3266 1132 3348 quidam
1145 3267 1271 3344 minores,

250 3361 402 3423 maximam
412 3373 524 3444 partem
539 3361 630 3424 adbuc
642 3361 743 3424 inediti.

750 3552 762 3620 Ι

322 3732 512 3789 ORDINACIO
524 3732 572 3786 DE
585 3733 831 3788 Putatcnctotta
842 3735 866 3786 S.
880 3735 998 3788 cnucts
1007 3733 1049 3788 IN
1060 3733 1198 3787 Anam.

291 3867 421 3932 Primum
447 3871 535 3954 egitur
549 3871 723 3960 scriptorum
746 3873 882 3935 minorum
902 3872 990 3935 locum
1015 3873 1114 3934 obtinet
1134 3880 1271 3935 trattatm

252 3972 375 4050 quidam,
394 3974 442 4055 qui
457 3973 641 4060 inscribitur:
655 3975 825 4040 Ordinacio
840 3975 878 4036 de
892 3973 1106 4056 predicacione
1117 3971 1145 4034 S.
1160 3971 1270 4037 Crucis

251 4069 282 4132 in
294 4068 407 4153 Anglia
420 4071 455 4132 {5
467 4071 496 4131 in
510 4071 642 4133 codicibus
656 4069 851 4155 Oumeimstbus
863 4073 952 4156 eistat
962 4071 1074 4135 duobus.

292 4165 457 4249 Perpaucas
470 4167 602 4230 orationes
622 4167 719 4231 Crucis
732 4169 961 4251 pradicatorum,
975 4190 1092 4250 quorum
1109 4167 1139 4229 in
1157 4185 1270 4229 numero

249 4285 381 4326 vocamus
394 4287 449 4344 eas,
463 4289 525 4350 quae
544 4267 580 4329 ab
599 4261 716 4330 Urbano
732 4265 865 4352 IIpopa,
882 4265 1000 4352 episcopo
1014 4263 1172 4351 Oportenst,
1185 4261 1269 4330 Hen-
