3694 5626
580 469 648 548 130
876 465 1068 518 ronanam
1085 465 1135 516 nr
1152 462 1300 516 rmum

442 709 443 712 ’
502 715 561 763 1219
574 707 733 758 venerunt
747 683 840 780 galee
856 686 891 754 &
903 679 1040 754 barbate
1053 707 1112 778 per
1118 678 1252 767 flumen,
1262 682 1297 751 &
1310 679 1402 779 galee
1410 680 1516 750 nostre
1529 706 1598 752 non

574 815 664 862 erant
677 817 810 882 armate,
824 788 879 862 nifi
892 788 967 878 due,
975 815 1038 884 que
1054 812 1144 859 erant
1157 789 1251 883 supra
1263 811 1413 883 pontem,
1428 813 1468 858 ex
1484 785 1599 883 quibus

575 923 639 968 una
651 896 823 969 ¹combusta
841 897 930 968 suita
947 896 1137 982 Sarracenis,
1155 895 1189 962 ἃ
1206 891 1413 974 crediderunt
1429 893 1463 962 in
1476 894 1531 965 issa
1546 892 1599 964 die

573 1030 716 1076 cremare
725 1027 876 1100 pontem,
886 1005 921 1072 &
930 999 971 1072 de
980 1001 1092 1072 nostris
1101 1000 1195 1070 multi
1209 1001 1554 1090 fueruntvulnerati,&
1566 1001 1600 1072 in

573 1110 654 1180 hora
663 1135 732 1180 non
742 1136 807 1182 una
819 1107 861 1180 de
875 1109 988 1179 nostris
999 1133 1142 1204 mergere
1156 1105 1308 1178 volebant
1316 1107 1409 1204 super
1417 1109 1601 1198 murum,&

575 1215 677 1287 sraela
696 1217 765 1302 fuir,
786 1218 821 1286 ἃ
838 1214 904 1284 duo
916 1239 955 1284 ex
972 1215 1084 1285 nostris
1100 1215 1133 1283 in
1151 1237 1237 1306 aqua
1254 1215 1441 1308 perierunr3
1462 1216 1498 1284 &
1513 1215 1601 1284 venit

574 1323 637 1392 aiia
656 1322 740 1394 scala
762 1318 971 1412 lanuenfium,
993 1321 1087 1415 supra
1103 1345 1233 1388 murum
1251 1344 1448 1418 mergerunt,
1465 1322 1500 1391 ἀ
1515 1319 1600 1416 plus·

575 1454 676 1524 quam
693 1428 781 1498 mille
796 1429 915 1524 Pagani
929 1451 1019 1497 erant
1031 1449 1106 1496 ante
1119 1425 1237 1495 scalam
1250 1429 1285 1496 δε
1297 1427 1392 1524 super
1404 1453 1478 1498 eam
1490 1427 1602 1523 ignem

575 1536 761 1630 posuerunt.
787 1531 936 1604 Er'uemes
953 1531 1136 1621 Christiani,
1154 1531 1245 1626 quod
1265 1533 1395 1604 fortuna
1413 1557 1603 1604 novercaret

574 1639 641 1732 fibi,
667 1643 701 1710 in
722 1664 849 1727 terram,
876 1637 954 1710 ficut
972 1636 1130 1728 iacebant,
1147 1641 1181 1708 &
1198 1664 1256 1734 per
1276 1641 1414 1735 pupillas
1431 1637 1603 1711 oculorum

576 1743 710 1817 flumina
724 1747 929 1818 lacrimarum
944 1741 1125 1816 fundebant
1136 1748 1170 1815 &
1184 1742 1350 1818 dicebant:
1364 1751 1497 1817 Domine
1506 1749 1601 1840 ihesu,

571 1861 627 1946 qui
642 1880 703 1947 pro
720 1857 805 1924 nobis
821 1860 976 1923 humanam
1003 1878 1119 1922 carnem
1137 1855 1307 1946 offumpfisti
1323 1853 1354 1923 o
1372 1861 1402 1924 in
1422 1879 1508 1923 cruce
1525 1880 1602 1922 mor-

574 1984 631 2028 tem
641 1963 819 2051 sustinuisti,
838 1987 873 2028 ne
890 1962 1035 2052 respicias
1044 1982 1170 2051 peccora
1185 1965 1293 2049 nostra,
1304 1961 1364 2050 sed
1381 1961 1534 2049 adfidem,
1543 1983 1602 2054 pro

575 2093 633 2156 qua
653 2071 703 2134 iric
721 2068 828 2158 sumzu
851 2071 1039 2158 congregari,
1066 2071 1146 2155 quia,
1161 2073 1239 2161 ficar
1262 2067 1362 2156 iuffisti
1386 2073 1417 2134 in
1436 2067 1602 2159 evangelio,

567 2177 703 2264 fecimus
710 2205 720 2239 .·
729 2172 807 2266 Qu
821 2190 924 2244 vuer
936 2188 1256 2260 vomereuomere
1268 2187 1602 2242 ABNEGETSEMET·

577 2295 692 2348 IPSUM
711 2296 763 2348 ET
776 2295 938 2348 TOLLAT
958 2295 1116 2348 CRUCEM
1135 2294 1240 2347 SUAM
1254 2294 1306 2346 ET
1323 2295 1527 2355 SEQUATUR
1548 2293 1604 2346 ME

578 2383 719 2475 (Matth,
737 2403 813 2474 xv1,
832 2386 906 2480 24),
924 2411 959 2454 ne
971 2389 1130 2476 permitras
1146 2410 1212 2473 aas,
1231 2387 1373 2472 Domine,
1392 2385 1500 2454 intuli
1516 2387 1602 2452 modo

577 2495 732 2584 migrare!

625 2595 771 2666 XXXVi.
791 2592 948 2666 Videntes
964 2595 1107 2685 masteni,
1126 2597 1182 2690 qui
1199 2619 1290 2666 erant
1306 2598 1339 2666 in
1357 2619 1489 2692 campo,
1506 2595 1604 2668 scalas

577 2702 673 2797 supra
691 2727 831 2790 murum,
854 2705 889 2772 δε
912 2701 1236 2791 audientes-lunum,
1266 2699 1358 2799 quod
1385 2701 1546 2774 faciebant
1570 2704 1603 2772 in

578 2807 719 2897 civitate,
744 2833 915 2880 commota
936 2810 1008 2882 sunt
1030 2811 1150 2882 viscera
1173 2835 1289 2880 eorum
1306 2811 1399 2905 super
1416 2809 1555 2880 infantes
1571 2811 1605 2879 δι

580 2915 728 2986 mulieres
755 2918 789 2986 &
817 2914 982 2986 dixerunt:
1009 2920 1093 3010 Quid
1105 2922 1265 3008 facimus?
1290 2923 1359 2986 eAur
1382 2922 1526 3002 vivamus,
1555 2939 1606 2987 aut

579 3028 742 3090 moriamur
767 3024 864 3113 finni,
892 3047 1045 3114 antequam
1074 3025 1210 3094 crudeles
1236 3026 1401 3113 Christiani
1426 3027 1607 3113 interficiant

580 3131 711 3217 nostros!
732 3130 814 3196 uene
823 3131 952 3221 scimus,
969 3131 1041 3219 quid
1052 3134 1192 3220 fecerum
1210 3135 1241 3199 in
1259 3134 1359 3200 micon.
1378 3129 1412 3199 Et
1428 3127 1607 3200 clauserunt

580 3231 695 3301 oculos
709 3234 744 3302 ὅ(
757 3231 945 3304 levaverunt
958 3234 1066 3329 capita
1077 3237 1112 3303 δι
1125 3233 1290 3306 diruerunt
1303 3232 1499 3306 fossatum&
1512 3237 1606 3330 quin-

580 3364 644 3433 que
670 3337 872 3409 verderescas
890 3341 924 3408 &
945 3339 1146 3412 intraverunt
1170 3337 1213 3409 ad
1234 3341 1373 3410 tentoria
1395 3342 1502 3410 nostra
1523 3342 1606 3436 plus·
1824 3413 1825 3440 ,

582 3469 681 3540 quam
703 3443 772 3514 duo
799 3443 850 3516 vel
872 3445 932 3514 tria
953 3445 1053 3535 milia,
1077 3448 1112 3516 &
1129 3444 1265 3539 quidam
1281 3447 1480 3518 ammirarius
1498 3471 1606 3518 autem
1824 3445 1825 3532 i

581 3548 732 3622 veniebat
744 3553 778 3620 &
791 3547 935 3620 dicebat:
948 3556 1120 3622 Maiumet
1131 3560 1170 3644 est
1181 3555 1374 3624 Dominus&
1387 3579 1444 3623 non
1455 3557 1606 3646 Christus!
1621 3567 1637 3616 f·
1650 3584 1676 3632 3³
1689 3571 1709 3616 b·

582 3656 762 3728 Audientes
780 3655 845 3725 hoc
863 3655 1036 3751 templarii,
1063 3659 1118 3752 qui
1134 3654 1179 3727 ibi
1204 3657 1425 3750 confistebant,
1442 3661 1477 3729 &
1493 3685 1607 3732 omnes

580 3762 698 3834 Christi
725 3759 845 3832 athlete
869 3763 1045 3834 contristati
1066 3763 1138 3835 sunt
1153 3766 1188 3834 δι
1205 3763 1369 3836 dixerunt:
1397 3769 1451 3836 Sic
1473 3769 1607 3836 debemus

580 3872 732 3938 dimittere
749 3873 886 3962 hospicia
902 3876 997 3962 nostra
1014 3876 1044 3938 in
1063 3875 1199 3940 manibus
1213 3877 1425 3965 Paganorurn;
1436 3897 1512 3942 cerro
1529 3885 1607 3942 non!

582 3973 616 4042 Et
636 3997 791 4067 ceperunt
809 3973 975 4044 Christum
992 3975 1146 4046 clamare:
1164 3979 1292 4048 eddium
1309 4003 1374 4064 nos,
1394 4003 1462 4047 vera
1481 3974 1609 4045 Crux&

582 4082 723 4148 Saniium
739 4081 948 4173 Sepulchrum,
965 4083 1000 4150 &
1022 4107 1040 4152 o
1057 4083 1164 4152 senne
1178 4086 1306 4176 Georgi,
1320 4083 1365 4152 Tu
1379 4085 1517 4176 digneris
1534 4089 1610 4152 acci·

576 4210 650 4280 pere
671 4185 811 4254 uexillum
836 4191 981 4276 nostrum!
1008 4187 1043 4256 Et
1065 4187 1209 4257 exierunt
1228 4211 1343 4256 contra
1359 4187 1431 4256 iilos
1451 4189 1486 4257 δι
1508 4187 1610 4260 viiio·
