3688 5640
509 590 559 642 DE
584 587 868 643 PREDICACIONE
893 589 918 640 S.
946 587 1086 641 CRUCIS.
1265 586 1303 666 13

286 809 429 881 incruce
445 834 506 906 pro
523 834 575 898 eo,
602 807 693 904 quod
711 808 771 880 fuit
787 810 821 878 in
838 831 931 895 terra,
954 807 1072 878 scilicet
1092 831 1154 902 pro
1172 805 1308 879 homine

285 939 468 1014 peccatore.
494 917 600 986 Petrus
626 939 737 987 autem
757 916 790 985 in
808 938 902 985 cruce
930 913 1050 984 sursum
1076 912 1190 984 direxit
1205 913 1308 986 visum

287 1020 330 1093 ad
348 1019 608 1120 significandum,
635 1019 727 1117 quod
751 1021 818 1117 ipse
840 1021 899 1092 suit
920 1021 955 1090 in
975 1043 1069 1092 cruce
1091 1045 1152 1117 pro
1174 1044 1227 1110 e0,
1251 1024 1308 1115 qui

287 1127 346 1198 fuit
363 1129 485 1199 sursum
501 1129 534 1198 in
551 1127 636 1219 celo,
652 1127 771 1198 scilicet
784 1151 844 1224 pro
863 1126 1003 1198 Christo

77 1252 240 1312 arcese
253 1269 273 1302 I.
337 1237 428 1305 stem:
454 1235 618 1304 Dominus
639 1235 673 1304 in
698 1259 793 1304 cruce
814 1234 981 1306 inclinavit
1002 1233 1032 1303 se
1054 1231 1097 1304 ad
1118 1234 1309 1328 aquilonem

287 1337 329 1410 ad
346 1336 605 1437 fignificandum,
623 1339 716 1435 quod
732 1338 799 1436 ipse
815 1340 875 1410 suit
890 1342 924 1410 in
938 1364 1031 1410 cruce
1049 1365 1108 1436 pro
1122 1365 1307 1437 peccatore,

184 1484 187 1490 ·
288 1447 341 1541 qui
359 1443 553 1544 significatur
565 1473 623 1543 per
636 1447 836 1542 aquilonem,
855 1448 939 1542 quia,
958 1443 1035 1516 ficut
1047 1446 1159 1541 aquilo
1173 1447 1308 1544 frigidus

287 1552 340 1641 est,
363 1549 405 1622 stc
422 1577 574 1648 peccator
596 1550 729 1644 frigidus
752 1551 844 1622 estin
866 1575 977 1622 amore
995 1552 1069 1642 Dei,
1094 1551 1181 1624 unde
1197 1554 1309 1627 Ysai'as

287 1660 328 1750 (I,
353 1660 422 1754 14),
443 1689 462 1721 ct
478 1663 531 1729 erl
549 1661 689 1750 aquilone
701 1663 846 1752 panditur
864 1686 947 1728 omne
963 1661 1083 1730 molum.
1102 1689 1121 1723 ι)

336 1767 428 1835 ltem:
446 1765 546 1835 Maria
567 1788 669 1834 mater
686 1765 824 1835 Domini
840 1762 942 1834 stabat
962 1762 1004 1834 ad
1021 1789 1151 1836 crucem
1168 1792 1310 1863 exparte

286 1869 448 1966 aquilonis
483 1873 567 1942 inter
599 1871 789 1966 aquilonem
814 1868 1038 1941 &Christum
1064 1872 1248 1943 existentem
1276 1875 1310 1944 in

287 2001 382 2047 cruce
409 1973 450 2047 ad
472 1973 731 2073 significandum,
764 1973 856 2071 quod
877 1975 944 2072 ipsa
966 1977 1009 2046 est
1035 1975 1205 2050 mediatrix
1228 1981 1311 2051 inter

288 2107 476 2178 peccatores
489 2086 523 2154 ἃ
535 2082 718 2174 Christum,
736 2084 849 2180 recipit
862 2085 950 2153 enim
963 2083 1122 2180 firgientes
1135 2084 1177 2158 ad
1191 2086 1221 2155 se
1235 2111 1311 2158 cum

287 2191 492 2260 contricione
509 2192 544 2259 ἃ
562 2188 758 2279 devocione,
776 2190 811 2258 &
828 2213 890 2285 pro
909 2191 952 2259 eis
969 2188 1138 2261 intercedit
1155 2214 1311 2288 tanquam

286 2319 392 2365 mater
413 2293 455 2366 ad
478 2293 589 2366 filium.
620 2296 732 2392 Quem
755 2295 842 2364 enim
863 2294 1005 2366 mundus
1028 2297 1157 2393 respuit,
1183 2301 1228 2390 dc,
1254 2301 1311 2395 qui

285 2401 355 2472 vilis
373 2401 417 2472 est
429 2400 567 2492 mundo,
585 2427 620 2472 ut
633 2402 704 2472 sunt
722 2403 895 2472 inveterate
913 2405 1104 2494 meretrices,
1121 2406 1211 2475 Deus
1223 2405 1266 2476 ad
1280 2405 1310 2477 se

287 2508 472 2578 venientem
490 2509 612 2602 recipit.

336 2617 428 2684 stem:
451 2615 614 2684 Dominus
635 2617 669 2684 in
687 2639 783 2686 cruce
799 2612 949 2686 describit
973 2613 1067 2686 nobis
1084 2621 1198 2690 totam'
1209 2621 1311 2693 vitam

285 2719 439 2806 nostram,
459 2743 493 2788 ut
506 2721 669 2790 imitemur
683 2747 770 2810 eum,
789 2722 865 2816 quia
879 2722 987 2790 omnis
1000 2720 1118 2793 Christi
1131 2727 1223 2796 accio
1237 2729 1310 2798 nos·

286 2848 334 2896 tra
348 2823 392 2894 est
404 2824 585 2896 instruccio
600 2825 697 2898 Unde
710 2827 914 2922 perYl'aiam,
927 2846 1019 2898 XLIX
1032 2853 1116 2926 cap,
1132 2836 1311 2932 «Descripfi

285 2938 357 3002 rein
375 2935 509 3000 monibus
522 2938 595 3001 meis
617 2963 634 2996 υ
663 2935 744 3024 (les,
762 2954 864 3026 XLIII,
888 2935 957 3030 16),
978 2935 1012 3007 id
1029 2927 1075 3006 est
1091 2940 1192 3010 vitam
1210 2963 1311 3031 tuam,

284 3040 319 3108 ἃ
338 3037 372 3106 in
388 3035 507 3134 Evang.
531 3035 619 3130 dicit,
643 3070 661 3103 ει
689 3045 828 3136 Ubisum
846 3051 914 3136 ego,
936 3074 954 3106 u
976 3045 1039 3115 &c
1058 3047 1197 3137 (loann,
1219 3065 1310 3137 XVII,

287 3141 362 3238 24),
392 3145 468 3238 quia
491 3175 510 3206 <c
529 3173 586 3214 non
609 3153 648 3238 est
662 3151 771 3242 servus
794 3155 891 3218 maior
910 3151 1032 3219 domino
1044 3153 1105 3244 suo
1125 3183 1142 3213 υ
1167 3154 1310 3241 (loann,

285 3267 368 3336 XIII,
401 3249 467 3342 ro).
495 3249 572 3322 Non
590 3251 801 3325 extendamus
819 3279 899 3353 ergo
921 3281 1035 3326 manus
1051 3256 1104 3327 vel
1120 3256 1232 3353 pedes,
1250 3284 1312 3332 nec

287 3377 354 3442 cor,
374 3379 435 3426 nec
456 3354 589 3452 aliquod
608 3357 794 3430 membrum
815 3359 857 3430 ad
874 3359 1010 3456 aliquod
1026 3359 1240 3456 prohibitum,
1257 3363 1312 3436 sed

285 3459 483 3532 refrenemus
496 3465 609 3535 omnia
621 3463 770 3537 membra
788 3466 895 3537 nostra
908 3464 949 3538 ab
962 3467 1077 3538 illicitis
1094 3493 1155 3564 pro
1169 3468 1310 3562 Christo,

286 3568 321 3636 δε
337 3590 415 3638 tunc
433 3569 595 3664 sequimur
612 3571 786 3644 Christum.

85 3707 275 3768 ,maffia
336 3675 428 3744 stem:
457 3672 587 3745 Fissuras
610 3674 779 3750 clavorum
804 3677 916 3750 habuit
939 3705 1001 3775 pro
1024 3678 1118 3751 nobis
1141 3683 1246 3774 Deus,
1277 3709 1311 3755 ut

287 3776 329 3848 stc
344 3777 476 3851 haberet
492 3805 686 3878 perpetuum
709 3787 900 3856 memoriale
917 3785 1026 3877 nostri,
1049 3786 1136 3858 unde
1158 3786 1237 3860 dicit
1253 3815 1312 3886 per

72 3911 212 3972 aretae,
221 3930 241 3960 e.
255 3926 274 3959 ι.
285 3886 427 3974 Ysaiam,
441 3905 543 3977 XLIX,
563 3919 581 3950 cr
596 3895 771 3983 Numquid
788 3893 926 3986 oblivisci
936 3901 1033 3986 potest
1046 3896 1154 3964 mulier
1172 3900 1310 3988 infantis,

287 3993 351 4062 &c
367 4019 432 4061 ecce
443 3997 474 4061 in
488 3999 625 4064 manibus
637 3999 860 4094 meisdescripfi
872 4024 901 4066 re
915 4029 933 4060 υ
948 3999 1031 4090 (les,
1044 4017 1146 4090 XLIX,
1167 4017 1204 4098 15
1216 4001 1310 4097 seq),

287 4121 402 4192 porr0,
419 4127 437 4160 n
452 4101 538 4192 Quid
547 4107 586 4192 est
596 4107 693 4191 homo,
707 4108 786 4195 quod
799 4131 909 4174 memor
921 4131 963 4194 es,
975 4136 993 4168 u
1006 4108 1069 4176 &c
1083 4106 1222 4200 (Psalm,
1231 4127 1310 4198 VIII,

287 4211 336 4300 4).
350 4203 428 4274 Non
441 4204 510 4276 vult
522 4206 618 4304 igitur
628 4209 802 4297 Dominus,
819 4208 910 4304 quod
922 4235 982 4281 vos
992 4214 1140 4308 pereatis,
1152 4238 1235 4308 quos
1243 4214 1311 4311 ipse

287 4333 348 4405 pro
365 4311 431 4382 vita
448 4310 502 4380 sua
523 4311 670 4404 redemit,
693 4313 747 4384 sed
770 4316 813 4385 est
830 4341 958 4386 memor
979 4317 1082 4406 vestri,
1109 4321 1166 4414 qui
1187 4320 1311 4393 tociens

286 4439 345 4514 per
362 4411 560 4512 baptismum
580 4416 731 4492 incidistis
748 4421 784 4492 in
799 4419 935 4518 laqueos
953 4420 1077 4498 diaboli
1097 4449 1155 4524 per
1176 4449 1312 4523 peccata
