3688 5640
552 542 600 616 42
1004 535 1131 590 ossus

480 766 538 814 ¹2¹⁸
551 759 633 830 friso
652 756 798 853 quidam,
824 755 958 855 flagello
976 754 1114 828 mirabili
1131 755 1285 847 munitus,
1303 757 1582 852 superveniens&

550 867 630 936 alter
643 866 735 938 clava
752 865 807 935 sua
823 889 892 936 non
905 866 1012 960 impar
1030 863 1136 935 hostes
1154 863 1380 960 propulerunt,
1397 861 1453 936 sed
1467 877 1476 909 ¹
1490 863 1581 934 miles

551 970 697 1066 quidam,
718 973 842 1044 iuvenis
866 969 1047 1042 Leodiensrs
1062 970 1219 1062 dioecefis,
1244 973 1379 1067 Spiritus
1392 972 1502 1043 Sancti
1519 971 1581 1042 vir-

550 1103 617 1150 tute
648 1079 864 1170 confortatus,
904 1081 1016 1148 turrim
1047 1079 1133 1173 ptius
1159 1077 1337 1150 ascendens
1366 1078 1507 1150 intravit.
1539 1080 1581 1150 Αῑ

549 1187 671 1284 pagani
682 1186 745 1256 Dei
763 1188 916 1281 potencia
933 1184 1080 1282 perculsi,
1095 1184 1137 1256 ad
1156 1185 1343 1256 inferiorem
1361 1185 1453 1256 turris
1468 1183 1581 1254 locum

549 1293 758 1391 confugiunt,
792 1292 847 1364 sed
882 1291 991 1364 adhuc
1022 1293 1156 1380 faciunt,
1192 1291 1284 1387 quod
1318 1289 1469 1389 possunt,
1503 1317 1581 1362 nam

547 1399 677 1472 fumum
690 1398 892 1498 palpabilem
907 1423 1022 1470 contra
1031 1401 1170 1488 nostros,
1186 1396 1242 1470 led
1258 1399 1380 1489 frustra,
1391 1422 1579 1493 procreant3
1592 1413 1627 1472 8.,
1639 1428 1731 1475 uno,
1743 1433 1765 1464 c.
1782 1431 1803 1463 t.

548 1532 616 1602 quo
636 1504 788 1596 ceffante,
816 1531 893 1577 tunc
911 1503 1047 1577 demum
1068 1503 1182 1576 residui
1200 1507 1233 1576 in
1251 1530 1367 1576 manus
1384 1505 1417 1576 se
1438 1503 1580 1576 christia·

547 1639 667 1684 norum
687 1613 854 1703 dedentes,
865 1628 880 1659 ²
892 1612 933 1684 de
952 1614 1029 1684 turri
1047 1637 1179 1683 centum
1197 1612 1324 1682 circiter
1339 1611 1412 1681 sunt
1427 1613 1733 1699 extraoi3v.,t710,
1749 1649 1801 1682 ω,

548 1720 641 1791 multi
659 1747 738 1792 vero
754 1747 793 1791 ex
810 1746 926 1790 eorum
946 1720 1050 1810 sociis,
1072 1719 1186 1816 fugam
1205 1741 1363 1814 petentes,
1385 1719 1421 1788 in
1437 1717 1504 1789 Nili
1520 1715 1579 1788 flu·

546 1829 642 1900 minis
659 1829 754 1901 alveo
772 1830 844 1900 lunt
863 1826 1023 1900 submersi.
1052 1827 1194 1900 Exultate
1211 1829 1307 1925 igitur
1324 1833 1358 1901 δι
1375 1829 1409 1898 in
1428 1829 1578 1898 Domino

545 1935 691 2007 letamini
708 1961 834 2026 omnes,
854 1935 911 2030 qui
932 1957 1050 2006 terram
1073 1933 1202 2024 Christi,
1227 1934 1384 2032 sanguine
1401 1933 1579 2004 sanetifica-

546 2065 625 2132 tam,
643 2039 797 2139 diligitis3
823 2041 877 2114 via
898 2044 933 2112 δι
956 2042 1045 2113 enim
1062 2038 1157 2112 nobis
1179 2043 1214 2111 δι
1240 2065 1338 2137 porta
1361 2043 1394 2112 in
1413 2039 1578 2112 lherosoli-

547 2174 637 2220 mam
653 2175 712 2246 per
728 2147 834 2219 filium
851 2147 997 2246 Virginis
1014 2147 1059 2219 est
1075 2151 1207 2242 aperta!

600 2252 868 2328 Mons³Thabor
896 2257 931 2326 &
963 2255 1026 2326 alia
1049 2254 1150 2325 castra
1177 2252 1353 2324 christianis
1380 2251 1496 2324 infesta
1519 2278 1578 2350 per

545 2388 659 2434 manus
685 2363 894 2432 inimicorum
920 2363 992 2432 lunt
1009 2360 1179 2433 destrucla.
1212 2365 1295 2430 lnter
1323 2383 1473 2458 paganos
1491 2384 1576 2456 quo·

543 2469 817 2566 que4plusquam
843 2469 949 2542 civilia
972 2467 1058 2541 bella
1081 2475 1248 2566 geruntur,
1269 2469 1304 2538 &
1329 2491 1432 2564 regna
1449 2490 1576 2557 eorum,

542 2577 780 2674 prognosticon
799 2575 853 2648 sue
871 2575 1099 2664 desolacionis,
1117 2571 1262 2669 undique
1279 2571 1478 2645 dividuntur.

591 2689 662 2760 Post
688 2713 819 2784 captam
846 2690 958 2760 turrim
983 2691 1016 2759 in
1039 2683 1207 2785 profunda
1229 2687 1294 2759 Nili
1315 2685 1457 2759 fluminis
1484 2685 1575 2759 fitam

543 2795 744 2894 Sephedinus
770 2798 975 2888 inveteratus,
1001 2794 1128 2868 dietum
1153 2795 1319 2866 malorum
1335 2792 1451 2866 dolore
1470 2799 1574 2866 artus

541 2901 1574 3000 nimio,exheredator&peremptotfratrumsuotum&regno·

541 3033 614 3078 rum
632 3010 813 3107 usurpator,
840 3032 987 3082 mortuus
1004 3009 1049 3080 est
1069 3011 1104 3080 &
1120 3009 1154 3080 in
1171 3008 1301 3078 inferno
1319 3007 1472 3105 sepultus.
1489 3009 1573 3078 Post·

541 3114 683 3187 modum
698 3119 733 3188 in
751 3117 830 3188 festo
845 3118 952 3188 Sancti
967 3113 1113 3208 Dionystj
1131 3117 1307 3208 sarraceni,
1327 3116 1429 3213 galeis
1446 3117 1481 3186 dt
1497 3114 1573 3184 lori·

540 3222 586 3294 cis
600 3225 727 3314 armati,
736 3220 903 3318 improvisi
913 3224 1080 3294 venientes
1095 3225 1130 3293 ἃ
1145 3223 1306 3320 principia
1315 3223 1505 3312 castrorum,
1516 3218 1572 3292 ubi

539 3329 681 3402 Romani
693 3329 833 3401 tentoria
848 3327 994 3420 fixerant,
1012 3327 1215 3416 invadentes,
1235 3327 1369 3400 modica
1386 3327 1571 3400 christiano·

539 3462 612 3506 rum
628 3459 729 3507 manu
746 3433 861 3533 repulsi
873 3437 956 3526 sunt,
981 3437 1217 3508 recurrencium
1230 3435 1375 3508 celeriter
1390 3433 1433 3507 ad
1450 3435 1570 3534 galeas,
1584 3459 1624 3518 v,
1637 3457 1785 3520 fi7v0,c.1.

539 3543 594 3638 qui
621 3541 750 3640 gladios
775 3543 1045 3640 persequencium
1069 3568 1108 3614 ac
1129 3541 1271 3613 fluminis
1295 3543 1488 3639 voraginem
1518 3543 1570 3613 vix

539 3647 677 3720 evadere
708 3673 897 3745 potuerunt,
923 3651 958 3721 dt
982 3647 1061 3720 stcut
1081 3675 1100 3719 a
1124 3649 1304 3720 Sarracenis
1326 3649 1440 3746 postea
1456 3646 1569 3719 didici-

539 3780 622 3846 mus,
648 3753 691 3826 ad
713 3755 800 3827 mille
823 3756 948 3827 circiter
969 3757 1227 3853 quingentorum
1243 3779 1417 3826 numerum
1438 3757 1473 3826 in
1490 3753 1568 3826 Nilo

391 3863 474 3910 ΟΜ·
487 3865 523 3912 ²⁶·
537 3861 609 3932 sunt
632 3858 792 3933 submerfi.
819 3865 853 3932 ln
868 3861 948 3936 festo
965 3884 1075 3934 autem
1092 3863 1200 3933 Sancli
1218 3863 1388 3954 Demetrij‚
1407 3863 1465 3956 qui
1481 3859 1569 3932 Beati
1581 3877 1617 3937 B„
1628 3893 1649 3940 p.
1661 3892 1716 3939 230,
1728 3894 1749 3924 e.
1759 3893 1783 3926 2.

539 3965 685 4059 Dionyfij
714 3968 812 4039 frater
837 3969 977 4040 uterinus
1001 3965 1091 4040 fiuilse
1117 3967 1244 4060 dicitur,
1269 3969 1398 4039 summo
1421 3966 1568 4039 diluculo

537 4073 638 4146 castra
657 4073 904 4171 templariorum
918 4074 1104 4147 invaserunt
1119 4073 1225 4145 hostes
1236 4076 1282 4166 dt,
1293 4072 1466 4146 modicum
1472 4071 1568 4145 nobis

573 4331 582 4364 ι
602 4314 631 4364 V.
644 4311 735 4365 scilicet
749 4314 780 4364 a.
795 4341 828 4352 -
841 4331 855 4364 ι
867 4315 895 4365 V.
909 4313 1039 4368 debentes.
1056 4341 1088 4352 -
1105 4331 1117 4377 3
1134 4313 1162 4364 B.
1178 4313 1206 4364 ὅ
1218 4313 1245 4363 V.
1261 4325 1369 4366 montes.
1383 4339 1418 4350 -
1432 4330 1449 4377 4
1462 4311 1491 4364 V.
1505 4327 1564 4382 quo.
