3694 5626
565 544 771 598 OBSIDIONIS
786 543 985 598 DAMIATE.
1220 549 1281 600 111

263 770 371 859 miles,
400 793 502 866 equos
530 770 566 840 ἃ
593 793 684 840 arma
699 766 864 864 perderet,
887 765 929 839 de
957 765 1095 838 exercitu
1124 763 1287 864 exprime,
1303 789 1362 839 ¹²¹9

263 877 389 976 pedites
409 903 546 948 manum
560 878 595 948 δι
612 876 735 966 omnia,
752 899 816 970 que
832 870 878 944 ibi
894 869 1085 964 habuiffent,
1101 871 1288 971 perderent3

263 981 460 1056 fimercator
477 986 530 1057 vel
543 985 665 1056 femina
682 1009 758 1054 cum
771 983 919 1052 mercatis
936 1005 1081 1052 maneret
1096 982 1130 1050 in
1139 980 1290 1070 exercitu,

264 1116 399 1163 manum
422 1095 456 1162 &
473 1094 587 1162 omnia
603 1092 657 1162 sua
672 1088 836 1187 perderet,
861 1085 882 1158 lt
899 1086 1002 1158 homo
1019 1087 1072 1160 vel
1089 1086 1211 1158 femina
1226 1083 1291 1156 stne

265 1199 361 1268 armis
379 1199 473 1269 firerit
489 1200 651 1288 inventus,
667 1195 689 1267 sr
707 1221 775 1268 non
789 1195 885 1266 fuerit
902 1195 1047 1266 infirmus
1063 1193 1115 1265 vel
1128 1191 1291 1290 parvulus,

265 1305 989 1402 quicustodiatpapiliones,excommunicatus
1001 1297 1292 1397 fithidebebant

265 1412 376 1502 scalas,
393 1411 513 1482 cochas
534 1415 569 1483 ὅ(
590 1438 688 1483 naves
705 1409 875 1482 ascendere
900 1407 942 1480 ad
963 1407 1159 1504 capiendam
1181 1407 1290 1478 civita-

268 1543 345 1609 tem,
363 1521 397 1589 &
409 1515 431 1588 fi
445 1517 595 1609 redirent,
613 1543 749 1590 manum
761 1519 796 1586 ἃ
808 1518 922 1586 omnia
934 1515 988 1586 lua
1003 1513 1182 1611 perderent.
1201 1517 1291 1600 Item,

266 1625 322 1720 qui
344 1625 455 1696 introit
477 1625 640 1695 civitatem
664 1626 699 1694 dt
722 1624 847 1696 invenit
868 1647 984 1694 aurum
1001 1625 1228 1718 &argentum
1257 1620 1292 1690 dt

265 1732 377 1801 omnia
397 1731 470 1821 alia,
497 1757 561 1825 que
577 1731 748 1818 invenerit,
776 1727 898 1802 adunet
918 1731 952 1799 in
969 1725 1068 1800 tribus
1085 1727 1138 1798 vel
1157 1727 1210 1798 sert
1230 1723 1291 1798 do·

266 1835 372 1908 mibus
390 1839 424 1908 dt
441 1833 576 1934 assignet
593 1861 631 1906 ea
648 1834 801 1928 stabilitis,
819 1834 892 1907 &lt
912 1836 983 1931 quis
1000 1833 1069 1904 vult
1086 1831 1254 1924 derobare,
1278 1849 1288 1883 ¹

265 1941 382 2041 perdat
394 1968 532 2013 manum
548 1944 582 2013 δι
599 1943 689 2014 suam
704 1967 840 2039 partem.
861 1947 951 2032 Item,
970 1939 1086 2036 quibus
1099 1965 1291 2040 preceptum

265 2049 361 2121 fuerit
377 2049 489 2140 iurare,
518 2045 669 2120 iurabunt
691 2050 804 2145 punire
826 2048 909 2137 illos,
941 2049 997 2144 qui
1014 2045 1160 2144 predista
1176 2047 1291 2122 statuta
1341 2099 1346 2106 -

265 2179 334 2226 non
357 2155 583 2228 observabunt.
614 2155 650 2227 Et
670 2157 866 2226 annunciata
890 2155 962 2225 sunt
990 2155 1082 2225 omni
1104 2154 1291 2251 populo,&

266 2267 297 2330 irr
314 2268 431 2332 nomine
444 2268 574 2333 ‘Domini
590 2263 621 2331 o
644 2265 724 2332 beate
741 2265 859 2333 Mario
880 2265 1013 2354 virginit
1025 2265 1181 2353 faciemus
1198 2261 1291 2354 insul·

264 2392 326 2437 tum
347 2370 513 2440 civitati&
533 2373 602 2440 Deo
620 2373 777 2440 adiuuante
797 2375 948 2463 cupiemus
969 2395 1045 2438 eam.
1069 2365 1104 2438 Et
1123 2363 1292 2462 respondit

267 2475 374 2543 omnis
391 2475 550 2570 populus:
568 2481 646 2562 Fiat,
657 2481 737 2568 fiori

312 2579 402 2651 [Ν]
429 2579 492 2652 Sed
508 2582 671 2653 Dominus
689 2581 819 2666 noluit²
837 2581 1019 2677 exspeiiare
1037 2577 1166 2650 decreta
1182 2577 1291 2648 homi·

265 2710 357 2776 num,
376 2711 487 2758 namv
502 2686 555 2758 die
570 2689 711 2758 intrante
725 2683 920 2758 Novembris
934 2683 986 2757 die
999 2685 1120 2774 Martis,
1129 2688 1163 2756 in
1179 2683 1291 2782 vigilia
1304 2700 1418 2748 Novemb·
1430 2713 1451 2763 ς.

264 2791 372 2863 Sanili
388 2791 548 2864 leonardi
568 2794 602 2863 in
619 2791 728 2863 media
750 2796 860 2884 nodie,
880 2787 945 2888 qua
965 2793 1045 2862 hora
1068 2791 1212 2864 Christus
1236 2813 1289 2862 eu·

265 2896 413 2996 spoliavit
441 2895 616 2990 infernum,
648 2897 821 2971 Christiani
850 2923 945 2970 muro
975 2898 1111 3010 civitetis
1137 2899 1290 2970 Damiate

303 3135 313 3170 r
329 3119 368 3172 Sit
381 3118 482 3187 legimus
496 3137 550 3172 tum
562 3119 646 3187 Mun,
658 3121 696 3172 M.
707 3121 801 3188 prabet
813 3117 854 3187 iiij.
869 3139 931 3173 —e
946 3120 983 3172 M.
997 3119 1085 3174 voluit.

89 3204 116 3250 Ρ.
129 3202 147 3250 f.
161 3215 207 3266 ης
219 3205 251 3251 Α.
300 3198 312 3220 '¹
323 3201 380 3252 LIV
390 3218 416 3251 a.
436 3199 532 3259 Quinto
544 3199 632 3251 mensu
644 3199 796 3252 Novembris
808 3199 832 3250 in
846 3197 930 3268 vigilie
944 3199 1019 3252 sandi
1032 3199 1156 3252 Leonutdi
1167 3199 1193 3252 in
1205 3197 1288 3252 medie
1300 3201 1414 3248 Novemb.
1425 3211 1447 3262 5.

264 3279 347 3343 troile,
368 3295 419 3348 qut
435 3279 498 3330 hora
511 3277 622 3332 Christus
640 3278 782 3349 exspoliavit
798 3278 930 3345 infernum,
950 3277 1080 3333 Christiani
1096 3295 1169 3332 muro
1182 3277 1288 3333 civitatis

265 3358 385 3413 Dimitte
394 3358 470 3410 souitu
482 3358 624 3428 posuerunt.
640 3361 707 3412 Cum
719 3371 806 3411 autem
818 3376 868 3412 una
878 3361 1052 3411 Romunotum
1068 3359 1132 3412 stulu
1144 3359 1216 3429 ipsruu
1228 3357 1289 3412 civi·

264 3439 323 3493 rutis
336 3455 410 3492 muro
428 3436 488 3491 effet
502 3437 622 3508 apposite,
636 3437 746 3491 volenter
759 3437 783 3490 in
795 3438 922 3491 uiuitutem
931 3437 1031 3504 intrare,
1042 3438 1135 3492 iudicio
1147 3437 1196 3492 Dei
1211 3438 1288 3493 froila

264 3520 304 3574 est.
321 3517 382 3572 Alie
395 3517 459 3571 seule
472 3535 577 3570 numero
588 3535 605 3571 x
616 3517 682 3570 intus
696 3517 824 3571 civitatem
836 3517 999 3583 intraverunt,
1011 3517 1053 3588 qui
1067 3518 1141 3585 exire,
1153 3535 1199 3572 nee
1213 3519 1289 3572 seulur

264 3615 410 3669 recuperare
429 3597 532 3652 minime
550 3607 693 3670 potuerunt,
714 3600 758 3670 qui
771 3599 910 3652 udmodum
928 3600 1023 3652 turbati
1038 3599 1222 3670 plurimumque
1233 3616 1289 3670 per-

263 3679 342 3732 territi
354 3691 473 3750 ceperunt
486 3679 632 3734 clamere&
648 3679 742 3734 dicere:
763 3683 786 3732 0
800 3679 909 3744 Domine,
928 3680 1062 3744 eDtmiee,
1080 3680 1196 3747 miserm
1214 3679 1289 3744 nobis,

264 3757 369 3812 adiuva
381 3778 431 3826 nos,
442 3761 510 3814 Deur
516 3759 643 3827 salutaris
656 3761 737 3830 noster,
752 3761 810 3829 quia
819 3759 894 3812 omnis
900 3759 959 3828 spes
971 3759 1075 3828 &salus
1087 3759 1166 3828 nostra
1178 3759 1204 3812 ier
1215 3777 1288 3813 mauu

265 3839 322 3891 ‘iuer
335 3839 375 3907 est,
389 3841 418 3892 &
426 3839 492 3892 mine
501 3840 567 3893 nobis
581 3843 612 3892 de
624 3839 672 3892 cele
684 3839 782 3908 angelos
797 3841 868 3903 iure,
882 3839 925 3907 qui
935 3839 1054 3907 nobiscum
1061 3839 1111 3906 fini
1120 3839 1147 3891 ὅ
1157 3840 1291 3908 defendent

263 3935 304 3971 nes
316 3921 350 3970 ab
362 3917 441 3988 impiis
456 3921 481 3971 ὅ
494 3917 633 3972 crudelibus
646 3919 764 3987 Paganis,
779 3929 807 3971 ut
816 3921 847 3970 de
858 3919 925 3972 nobis
932 3919 1068 3987 potestatem
1079 3919 1172 3970 habere
1183 3935 1229 3972 eon
1234 3918 1289 3987 pos·

257 3997 317 4066 fiet,
330 4009 358 4050 ut
365 3999 473 4066 potentia
483 3999 511 4050 Μ
519 3997 702 4067 magnificentia
716 3997 771 4050 Tua
782 3999 816 4050 ab
828 3996 935 4050 omuibus
948 3996 1064 4050 laudetur
1078 3999 1107 4049 U
1115 4013 1197 4051 nomeu
1211 4001 1289 4050 ‘suune
1308 4027 1313 4038 ·

258 4075 375 4144 fandum
384 4085 430 4146 per
444 4077 593 4146 uuiversum
601 4079 681 4130 orbem
691 4077 846 4146 glorificetur
859 4077 887 4129 Β
894 4076 1082 4145 ὑικιάὶθιηβι
1093 4076 1210 4146 inseculu
1215 4077 1288 4145 secu·

264 4156 349 4208 tom.
363 4158 446 4209 Amen.
469 4159 526 4216 Qua
540 4156 655 4209 oratioue
671 4155 736 4209 fana
752 4155 885 4209 Christiani
902 4167 1031 4224 tamquam
1047 4156 1129 4226 angeli
1142 4159 1288 4210 cateruatim

263 4251 322 4286 curn
338 4234 407 4286 scarie
420 4235 444 4287 δι
458 4234 604 4288 stelionibus
617 4237 640 4288 ur
653 4235 706 4287 aliie
718 4235 791 4304 lignis
802 4235 872 4288 omni
884 4235 969 4300 modo,
986 4247 1061 4305 prout
1072 4247 1197 4304 poterent,
1218 4235 1289 4306 super

264 4329 364 4368 murum
378 4311 485 4366 civitatis
498 4314 654 4366 conabuntur
666 4313 796 4366 escendere
808 4313 843 4366 ob
856 4312 1002 4382 obsequium
1015 4312 1117 4366 Domini
1130 4315 1204 4367 noflti
1217 4314 1288 4370 Ihesu
