3694 5626
550 429 616 504 128
837 443 1259 500 ronnuuesoerucutn

431 663 531 774 1,an
593 662 733 734 XXVIII.
760 665 794 732 In
818 661 929 760 vigilia
949 663 1057 734 Sancti
1082 664 1232 736 Iohannis
1249 666 1385 763 baptiste
1406 667 1480 765 post
1500 668 1564 740 ves·

543 794 636 866 peras
649 789 806 841 venerunt
819 765 908 838 iuxta
920 765 1073 840 fossatum
1085 769 1231 843 nostrum
1242 772 1309 844 sere
1322 775 1465 869 quinque
1478 773 1566 845 milia

543 877 674 974 Pagani,
699 878 734 946 &
754 876 850 946 exivit
869 877 952 946 inter
972 902 1029 947 eos
1048 875 1202 948 dominus
1224 880 1382 950 Iohannes
1407 879 1450 951 de
1471 882 1566 950 Areia

542 1008 617 1055 cum
637 1004 777 1077 quatuor
798 981 901 1072 sociis,
920 983 954 1052 δι
973 981 1048 1054 secit
1066 1009 1223 1082 magnam
1241 985 1466 1082 prudenciam,
1491 989 1567 1082 quia

543 1115 659 1163 omnes
675 1091 748 1160 illos
764 1089 900 1188 fugavit,
917 1091 951 1161 δι
968 1114 1114 1162 mortuus
1132 1091 1192 1161 sitit
1208 1118 1290 1163 unus
1308 1093 1350 1164 de
1368 1095 1492 1183 nostris.

591 1197 704 1268 XXIX.
735 1201 768 1266 In
798 1195 858 1266 illis
885 1193 997 1267 diebus
1024 1199 1171 1297 precepit
1195 1197 1350 1269 dominus
1374 1200 1511 1297 legatus,
1534 1226 1567 1272 ut

543 1327 659 1374 omnes
684 1305 870 1399 acciperent
890 1304 1122 1400 penitenciam,
1156 1307 1232 1399 quia
1257 1303 1400 1393 volebat,
1426 1333 1483 1378 eos
1508 1333 1567 1404 pu·

542 1436 644 1508 gnate
661 1436 738 1481 cum
754 1411 935 1482 Sarracenis
952 1411 985 1480 in
1004 1435 1135 1508 campo,
1153 1413 1187 1481 dc
1205 1435 1333 1482 currum
1351 1412 1474 1483 fastum
1490 1439 1566 1506 erat,

543 1515 598 1588 ubi
611 1515 763 1590 uexillum
776 1516 1032 1588 Christianorum
1048 1541 1171 1613 ponere
1185 1515 1359 1590 debebant.
1373 1521 1468 1593 Tunc
1481 1524 1566 1620 prin·

545 1624 632 1718 cipes
645 1623 744 1695 nostri
756 1621 926 1697 confilium
942 1623 1134 1716 habuerunt,
1155 1625 1246 1720 quod
1261 1650 1330 1696 non
1342 1625 1418 1698 esset
1430 1627 1565 1718 bonum,

544 1754 692 1828 pugnare
713 1733 747 1801 in
772 1755 905 1828 campo,
932 1733 1009 1827 quia
1033 1731 1209 1828 oportebat
1228 1759 1375 1831 pugnare
1398 1735 1432 1804 in
1458 1735 1567 1804 civita·

546 1862 614 1910 tem
637 1839 672 1908 δι
703 1838 826 1910 servare
850 1834 1004 1909 fossatum
1025 1839 1179 1930 nostnrm,
1205 1843 1239 1910 &
1267 1865 1345 1910 cum
1369 1839 1506 1920 soldano
1535 1841 1568 1908 in

547 1969 680 2040 campo,
703 1946 738 2015 ἀ
755 1967 815 2039 pro
833 1968 1038 2039 unoquoque
1057 1943 1243 2016 Christiano
1261 1971 1352 2018 erant
1368 1945 1569 2043 septuaginta

546 2052 676 2150 Pagani,
692 2054 727 2122 &
744 2047 787 2119 fic
802 2074 871 2120 non
888 2048 1040 2122 valebant
1054 2075 1201 2148 pugnare
1218 2077 1294 2122 cum
1312 2054 1365 2122 eis.

459 2177 533 2224 tutu.
595 2157 697 2230 XXX.
724 2161 758 2228 In
778 2159 898 2228 ottavo
917 2153 970 2226 die
988 2155 1054 2246 Iulij
1073 2183 1232 2229 venerunt
1254 2184 1330 2229 cum
1347 2157 1492 2249 chochis,
1516 2156 1569 2229 ubi

547 2289 638 2339 etant
652 2263 745 2355 scale,
763 2265 976 2333 &erexerunt
993 2261 1036 2333 ad
1052 2264 1161 2334 menia
1173 2265 1309 2336 civitatis
1328 2289 1386 2360 per
1397 2263 1519 2336 Ilumen
1535 2266 1570 2334 &

546 2393 773 2470 pugnaverunt
784 2394 843 2465 per
856 2367 939 2440 duos
952 2367 1020 2439 dies
1032 2393 1108 2438 cum
1121 2371 1179 2454 eis,
1195 2371 1230 2439 &
1243 2370 1362 2468 Pagani
1374 2395 1451 2441 cum
1465 2395 1569 2466 petra·

545 2481 597 2550 riis
614 2481 649 2549 &
661 2473 848 2547 tribuchetis
865 2475 988 2572 &igne
1001 2477 1033 2545 se
1046 2473 1273 2565 defenderunt,
1286 2479 1321 2548 ἀ
1334 2475 1433 2546 scalas
1448 2477 1568 2547 nostras

545 2584 734 2682 perplures
761 2583 846 2654 vices
871 2578 1062 2654 videbamus
1091 2580 1305 2674 comburere;
1331 2582 1398 2652 hoc
1424 2580 1598 2654 videntesf·
1611 2599 1675 2658 aab·

546 2690 719 2763 Christiani
730 2688 859 2785 plorare
873 2711 1038 2784 ceperunt,
1051 2689 1087 2758 ἃ
1097 2685 1342 2784 prostemebant
1354 2689 1430 2759 sein
1444 2711 1525 2760 terta
1536 2691 1570 2760 &

547 2797 680 2868 osculati
696 2817 789 2865 erant
801 2818 876 2863 eam
889 2795 924 2863 &
936 2817 1059 2864 nomen
1074 2793 1212 2865 Domini
1224 2792 1423 2866 invocabant
1437 2797 1472 2865 &
1485 2793 1570 2864 dice·

545 2901 643 2992 bant:
671 2906 800 2972 Domine
826 2903 911 2992 IItesu
938 2901 1065 2990 Christe,
1092 2907 1144 2991 qut'
1166 2903 1298 2994 liberaflt'
1318 2927 1378 2972 tres
1397 2927 1509 2995 pueros
1535 2905 1572 2969 de

546 3017 663 3080 cantino
681 3015 764 3104 ignis
781 3011 915 3079 ardentis
925 3017 990 3104 fine
1002 3009 1067 3077 ulla
1080 3009 1185 3104 Iejioue
1201 3007 1259 3100 (cf.
1275 3009 1372 3100 Dan,
1390 3025 1415 3098 1,
1429 3008 1462 3098 b,
1478 3009 1571 3103 seq.),

539 3124 593 3210 fic,
613 3119 755 3206 Domine,
781 3115 877 3184 libero
890 3117 997 3208 savos
1018 3114 1099 3184 Tuos
1123 3117 1160 3183 de
1186 3119 1268 3184 omni
1292 3117 1383 3202 malo,
1412 3139 1444 3184 ut
1466 3117 1572 3202 ronse

546 3223 674 3293 exultent
688 3225 834 3316 ungant!

594 3327 709 3400 XXXI.
730 3325 764 3398 Et
783 3323 840 3420 ipsi
858 3310 1012 3420 ceperunt
1031 3326 1137 3397 sacere
1153 3323 1291 3422 signum,
1309 3327 1345 3397 &
1361 3323 1466 3397 Iubito
1483 3327 1571 3398 venit

547 3433 700 3507 soldanus
726 3457 803 3502 cum
828 3431 1011 3522 Coradin0,
1039 3434 1073 3502 dc
1098 3457 1174 3502 cum
1198 3429 1349 3504 omnibus
1378 3433 1439 3503 suis
1469 3433 1572 3529 genti-

547 3535 659 3609 busin
686 3535 838 3609 fossatum
855 3535 1030 3626 intrabant,
1052 3537 1098 3625 ἃ,
1123 3560 1246 3631 quanto
1269 3563 1329 3608 nos
1353 3537 1455 3608 acrius
1474 3561 1571 3633 erpu-

546 3641 728 3738 gnabamus
746 3669 804 3738 per
823 3667 949 3730 terram,
969 3663 1062 3711 tanto
1076 3642 1182 3738 magis
1195 3643 1372 3738 expugnati
1389 3665 1515 3712 eramus
1530 3639 1572 3711 ab

547 3750 643 3822 eisin
661 3748 805 3838 chochis,
830 3751 865 3819 δι
890 3747 932 3818 ad
954 3745 1108 3818 fossatum
1134 3749 1255 3818 mortui
1278 3746 1514 3844 aliquantulum
1530 3746 1572 3818 de

547 3855 743 3927 Christianis.
771 3855 805 3924 Et
827 3877 903 3924 tunc
927 3852 1062 3949 quidam
1079 3853 1270 3924 Sarracenus
1286 3855 1375 3925 venit
1389 3851 1430 3924 de
1447 3851 1521 3924 villa
1537 3856 1573 3924 ἃ

547 3959 637 4053 dixit,
654 3959 747 4057 quod
764 3962 885 4032 mortui
897 3985 999 4050 erant,
1016 3962 1051 4030 δι
1063 3958 1222 4030 vulnerati
1238 3961 1323 4031 intus
1340 3959 1422 4032 ultra
1436 3959 1523 4029 mille
1537 3962 1572 4030 &

548 4067 742 4164 otilingenti,
759 4068 794 4137 ἀ
811 4067 940 4164 Pagani,
960 4067 1013 4162 qui
1030 4089 1122 4136 erant
1143 4066 1178 4136 in
1190 4089 1311 4161 campo
1329 4089 1405 4137 cum
1422 4063 1572 4160 soldano,

548 4169 738 4242 defecerunt
756 4172 790 4242 in
808 4171 956 4267 quintam
972 4193 1109 4268 partem.
