3694 5626
453 529 503 582 DE
521 529 697 584 IOHANNE
714 530 816 584 REGE
833 529 1061 585 IERUSALEM.
1216 523 1279 601 ης

258 751 372 846 quein
392 773 480 845 aqua
495 738 662 840 natabant,
686 747 752 822 srne
767 751 859 848 gravi
879 747 1028 846 dampno
1045 748 1176 822 fuerunt
1191 771 1281 818 recu·
1298 767 1356 816 1218

257 881 378 952 perata
402 856 498 927 Tunc
515 855 688 928 Christiani
704 855 863 954 gaudium
886 855 1079 948 habuerunt,
1106 857 1141 926 ἃ
1167 851 1209 924 src
1225 879 1284 950 per

256 986 363 1035 totam
379 961 522 1033 hiemem
547 961 623 1058 passi
647 963 765 1033 fluimus
783 966 839 1054 ita,
865 961 957 1060 quod
974 964 1088 1058 quinta
1105 986 1179 1058 pars
1196 985 1283 1032 exer·

256 1072 339 1142 citus
356 1093 484 1140 mortua
507 1068 579 1158 fuit,
605 1073 641 1142 δε
657 1071 750 1142 multi
767 1072 904 1169 ungulas
921 1073 1096 1144 amiserunt
1112 1073 1147 1142 ἀ
1163 1065 1283 1140 habue-

256 1201 331 1247 runt
349 1175 472 1248 malum
496 1177 531 1246 in
548 1201 605 1248 ore
629 1179 664 1248 ἀ
682 1177 716 1248 in
733 1174 883 1273 pedibus,
902 1175 994 1274 quod
1014 1177 1149 1275 agnosci
1164 1174 1279 1272 potest.
1299 1205 1357 1254 ηις

304 1282 380 1354 Xsls.
402 1281 604 1378 Perpendens
621 1308 730 1354 autem
756 1282 911 1356 dominus
927 1284 1064 1381 legatus,
1082 1279 1175 1378 quod
1192 1278 1283 1350 nulio

257 1387 362 1487 modo
382 1376 549 1460 manendo
562 1391 596 1458 in
614 1387 727 1460 sabulo
742 1391 788 1460 eis
805 1415 924 1461 nocere
935 1413 1135 1486 poteramus,
1153 1387 1284 1460 vocavit

258 1519 373 1566 omnes
386 1518 461 1566 ante
473 1495 505 1565 se
515 1496 549 1566 δι
558 1493 649 1567 dixit:
667 1499 751 1591 Quid
754 1501 893 1588 facimus
906 1503 966 1587 iiic,
975 1497 1116 1588 coriffimi
1123 1505 1138 1565 ἒ
1151 1497 1282 1566 Melius

257 1609 296 1694 est
312 1606 397 1674 nobis
411 1607 489 1673 mori
503 1609 534 1672 in
548 1603 638 1692 bello,
655 1629 741 1694 quam
763 1609 793 1672 in
808 1605 909 1674 alieno
929 1629 1009 1673 terra
1022 1609 1200 1697 vivereficur
1212 1630 1281 1697 cop·

256 1715 331 1780 rivi!
355 1707 389 1778 Et
411 1709 556 1804 precepit
573 1705 736 1796 omnibus,
763 1706 827 1779 esse
849 1731 980 1805 paratos
997 1711 1031 1782 in
1048 1708 1282 1806 purificacione

255 1815 351 1886 Beate
370 1814 479 1903 Mane,
501 1811 605 1906 &s1c,
629 1815 713 1886 sada
729 1841 856 1905 aurora,
876 1840 990 1886 omnes
1007 1818 1041 1888 in
1062 1815 1226 1886 cuchis&
1247 1816 1281 1886 in
1294 1846 1357 1894 nn,
1369 1860 1391 1893 2.

256 1922 357 2020 galeis
369 1919 626 1993 ascenderunt&
639 1947 795 2018 ceperunt
805 1920 927 1994 flumen
940 1921 1122 2010 ascendere,
1136 1921 1191 1993 sed
1204 1947 1280 2019 pro·
1292 1944 1355 1992 reus.
1368 1955 1390 2003 3.

258 2029 346 2100 xima
357 2052 428 2098 orta
439 2029 484 2098 est
496 2029 665 2125 tempesias
679 2054 768 2099 tanta
781 2031 816 2098 in
829 2033 913 2116 a'e're,
924 2029 1042 2100 scilicet
1051 2055 1148 2125 aqua,
1155 2051 1281 2122 ventus,

258 2132 399 2232 grando,
420 2135 530 2232 frigus,
548 2133 640 2231 quod
654 2161 755 2206 unum
770 2133 811 2206 de
829 2137 943 2206 nostris
956 2135 1052 2236 signis
1069 2161 1139 2208 non
1151 2133 1283 2208 videbat

258 2239 356 2332 aliud,
381 2242 415 2312 δι
432 2265 570 2337 perores
588 2241 656 2312 dies
673 2246 708 2324 δι
725 2246 837 2313 nones
853 2241 1035 2338 predicIam
1059 2241 1283 2339 tempestatem

258 2347 467 2418 sustinuimus.

305 2453 389 2525 XsV.
414 2456 564 2528 Similiter
586 2459 621 2528 δι
635 2457 800 2528 Sarraceni
819 2453 1042 2552 paciebantur,
1058 2458 1093 2526 δι
1111 2453 1285 2526 Christiani

258 2555 299 2628 de
324 2559 542 2660 misericordia
566 2563 629 2632 Dei
654 2587 745 2633 erant
770 2559 929 2656 desperati
954 2559 1167 2634 &dicebant
1184 2561 1285 2633 Davi·

258 2662 368 2735 dicum
392 2667 531 2739 versum:
562 2670 684 2738 Oblitus
706 2674 745 2760 est
769 2673 855 2738 Deus
878 2671 963 2738 nobis
992 2669 1023 2739 ὃ
1047 2673 1154 2739 avertit
1166 2671 1284 2759 faciem

248 2775 350 2865 suom,
377 2801 413 2844 ne
437 2777 539 2844 videor
564 2801 619 2845 nos
638 2780 669 2845 in
686 2779 780 2866 finem
802 2771 930 2860 (Psalm.
958 2793 1009 2866 lx,
1039 2778 1111 2873 31).
1137 2773 1172 2844 Et
1189 2799 1284 2870 cepe·

257 2905 332 2950 runt
343 2879 463 2952 dicere:
477 2883 534 2969 Tu,
547 2885 689 2970 Domine,
702 2889 755 2975 qui
767 2885 867 2952 omnin
880 2885 989 2975 noscis,
1005 2895 1014 2928 ¹
1029 2887 1281 2975 antequomfionr,

257 2987 428 3079 &custodis
445 2989 529 3073 iilos,
548 2996 600 3080 qui
618 2991 661 3058 Te
677 3014 801 3080 querunt
817 3017 853 3058 ex
865 3013 928 3058 roro
945 2993 1045 3076 corde,
1063 2990 1120 3076 Tu,
1138 2992 1282 3079 Domine,

247 3097 338 3187 servu
360 3095 465 3164 nosse
490 3097 601 3186 custodi
622 3097 659 3164 ab
683 3101 736 3185 isto
756 3095 898 3189 perversu
920 3094 1100 3187 &nefando
1125 3120 1223 3188 genre,
1247 3122 1283 3166 ne

247 3205 336 3292 forte
352 3204 464 3271 dicant:
486 3201 555 3273 Um
572 3219 641 3272 usT
656 3201 756 3273 Dnus
773 3219 909 3272 nonum
933 3203 1182 3273 cuucuuxus?
1209 3204 1282 3272 ord-

257 3314 326 3378 iuvo
338 3335 403 3395 nos,
423 3314 566 3395 Domine,
584 3335 617 3380 zu
629 3335 685 3379 non
693 3318 783 3405 fimus
795 3325 1058 3380 suusnuunmo
1072 3327 1126 3379 uu
1139 3326 1281 3380 ILLuslo

257 3433 463 3505 unacum«
474 3433 658 3487 curcunu
669 3419 938 3486 uosruosuuu!
952 3413 1078 3504 (Psalm.
1089 3433 1193 3502 xum,
1211 3421 1282 3512 13.)

296 3521 370 3593 XV.
386 3521 419 3590 Et
432 3521 520 3593 Deus
530 3545 619 3592 tanta
628 3522 714 3592 mala
723 3521 830 3616 posuit
838 3522 921 3591 inter
929 3520 1013 3610 illos,
1027 3519 1119 3615 quod
1130 3519 1282 3594 soldanus

257 3627 484 3700 fecit-interfici
501 3653 604 3698 unum
622 3626 663 3698 de
680 3629 741 3698 suis
758 3627 959 3717 ammirariis,
975 3629 1010 3697 &
1026 3627 1161 3698 Saucius
1175 3630 1282 3700 Geor·

255 3737 328 3834 gius
340 3735 422 3805 visus
435 3732 480 3805 ibi
490 3735 544 3826 esi,
556 3737 591 3806 ἀ
600 3735 719 3832 Pagani
728 3757 884 3831 ceperunt
895 3733 1018 3831 firgere,
1032 3734 1078 3804 ita
1091 3732 1182 3830 quod
1191 3759 1283 3833 pater

256 3868 325 3913 non
343 3839 548 3939 exspeeiabat
567 3840 681 3930 filium,
706 3844 740 3911 &
763 3840 949 3914 dimiserunt
971 3843 1095 3929 omnia,
1125 3845 1160 3914 ὅ(
1178 3843 1282 3916 nulius

256 3946 447 4046 sequebatur
459 3973 525 4020 eos.
538 3947 633 4018 Tunc
641 3945 814 4019 Christiani
822 3974 982 4046 magnum
995 3949 1149 4020 timorem
1161 3947 1282 4022 habue·
1388 3985 1392 3994 ·

257 4081 343 4145 runt,
362 4053 428 4145 sed,
446 4055 533 4127 facia
551 4079 678 4144 aurora,
696 4054 862 4126 neminem
877 4079 935 4152 per
952 4079 1107 4152 campum
1123 4055 1282 4152 viderunt,

293 4300 303 4339 ι
324 4287 379 4340 Coi.
392 4285 478 4342 noscit.
