3658 5616
579 532 644 606 166
821 550 931 604 trouu
949 550 1100 603 nuncin
1118 549 1352 602 cuntsrrnnr.

500 795 558 844 1219
573 790 652 836 tates
671 763 731 834 alie
758 764 828 834 sunt
848 768 952 834 eresle
970 764 1064 858 supra
1086 787 1216 832 murum
1233 762 1280 832 lris
1300 764 1452 855 minores,
1479 763 1596 835 scilicet

571 873 653 942 intra
669 869 760 942 binas
777 872 811 940 ἀ
828 868 920 940 binas
937 869 997 940 alie
1019 867 1095 940 bine
1111 871 1146 939 ἃ
1166 865 1254 960 bine,
1283 895 1422 964 quarum
1446 873 1594 941 omnium

572 975 697 1048 summa
713 979 757 1048 est
774 979 946 1076 octoginta
963 977 1094 1072 septem.

910 1196 960 1259 ‘De
976 1197 1069 1279 castro
1088 1191 1266 1286 Tenenfium.

460 1415 520 1460 Nov-
533 1427 555 1475 5·
618 1399 690 1474 ldus
704 1398 899 1474 Novembris
911 1409 1009 1495 capta'
1021 1401 1161 1492 civitate,
1174 1400 1346 1472 Christiani
1360 1395 1594 1498 navigaverunt

569 1508 611 1578 ad
625 1505 828 1578 fortiffimum
844 1507 979 1576 castrum
991 1505 1197 1596 senensium,
1215 1507 1373 1602 quodque
1386 1509 1594 1578 immunitum

447 1634 505 1678 nov.
518 1647 555 1693 η.
568 1615 779 1699 invenientes,
797 1615 997 1684 intraverunt
1012 1613 1095 1682 acin
1114 1613 1192 1683 sesto
1210 1613 1318 1682 Sansli
1331 1613 1511 1684 Clementis
1530 1639 1594 1684 tur-

568 1747 616 1790 res
640 1721 836 1790 munierunt.
865 1721 982 1814 Sicque
1004 1719 1095 1790 nullo
1122 1745 1236 1790 eorum
1261 1722 1381 1810 occiso,
1406 1721 1594 1790 Damiatam

568 1825 736 1896 redierunt.
754 1825 934 1896 Thesaurus
951 1850 1060 1898 autem
1072 1825 1215 1898 infinitus
1232 1829 1267 1897 &
1284 1824 1348 1896 stne
1366 1851 1502 1896 numero
1519 1851 1594 1896 cum

569 1929 646 2002 esset
671 1933 704 2001 in
730 1931 815 2021 villa,
841 1933 1014 2028 principes,
1040 1929 1118 2001 srcut
1146 1931 1371 2026 promiserant,
1400 1957 1475 2002 eum
1505 1927 1592 2002 eiter-

568 2038 645 2106 citui
669 2033 813 2108 dividere
835 2035 1001 2108 nolebant.
1027 2036 1124 2110 Unde
1144 2037 1296 2133 populus,
1324 2061 1522 2127 commotus,
1551 2035 1593 2106 ad

568 2169 658 2213 arma
675 2143 813 2212 cucurrit
830 2143 941 2214 volens
959 2143 1104 2242 legatum
1121 2142 1308 2216 interlicere.
1332 2145 1412 2238 Quo
1432 2141 1542 2212 sedato
1559 2145 1593 2212 &

567 2276 586 2320 a
600 2249 738 2320 tumultu
754 2247 906 2338 cessante,
923 2248 1053 2320 cuilibet
1064 2251 1178 2320 iustam
1191 2252 1378 2346 portionem
1391 2249 1421 2318 se
1431 2247 1592 2336 daturum,

567 2353 721 2452 promisrt.
750 2355 855 2452 Quod
883 2381 992 2427 tamen
1015 2357 1128 2426 iniuste
1146 2356 1311 2451 persecuti,
1339 2355 1430 2426 nullo
1449 2354 1593 2424 nostrum

494 2491 553 2526 1220
567 2461 622 2532 nist
645 2462 698 2532 sex
717 2457 882 2532 bizancios
909 2464 1097 2560 accipiente.
1121 2463 1284 2532 Veniente
1310 2487 1419 2532 autem
1437 2459 1490 2531 die
1510 2461 1591 2530 Puri·

456 2567 726 2638 ret1.2.ficationis
750 2571 844 2640 Beate
868 2572 978 2660 Marie,
1004 2570 1089 2640 fasta
1114 2569 1158 2639 est
1183 2593 1307 2664 magna
1325 2567 1534 2664 solempnitas
1558 2569 1592 2637 in

566 2676 705 2746 civitate.
735 2678 874 2766 lntravit,
893 2679 948 2771 qui
974 2676 1088 2762 voluit,
1117 2679 1162 2763 &‚
1192 2671 1355 2744 celebrata
1382 2670 1473 2744 missa
1492 2701 1511 2744 a
1530 2673 1591 2744 do-

565 2781 657 2850 mino
683 2781 793 2877 legato
820 2785 853 2852 in
877 2783 1012 2853 nomine
1036 2781 1174 2851 Domini
1193 2779 1292 2850 nostri
1312 2780 1398 2851 lhesu
1424 2779 1592 2850 Christi&

565 2887 659 2958 Beate
675 2888 775 2958 Marie
789 2891 933 2988 virginis,
954 2887 1057 2958 voluit
1073 2885 1228 2956 dominus
1244 2886 1372 2984 legatus
1389 2888 1423 2956 ἃ
1436 2888 1591 2982 precepit,

565 2991 657 3087 quod
677 2993 768 3064 locus
786 2994 849 3084 ille,
872 2997 926 3090 qui
949 2995 1035 3089 prius
1055 2990 1234 3063 vocabatur
1261 2993 1374 3063 sanum
1391 2993 1590 3082 Machomet,

533 3164 537 3175 ,
564 3097 606 3169 de
618 3125 726 3170 cetero
740 3101 955 3196 appellaretur
968 3097 1100 3170 ecclesia
1113 3100 1207 3169 Beate
1221 3099 1332 3186 Marie,
1348 3100 1480 3196 virginis
1494 3126 1591 3196 gene·

524 3178 540 3268 l
564 3206 647 3278 tricis
666 3206 729 3276 oet
750 3209 784 3276 a
806 3207 944 3276 nomm
967 3205 1063 3274 nostri
1088 3203 1172 3275 neu
1190 3205 1320 3294 chan,
1350 3208 1402 3274 cu
1422 3207 1466 3276 est
1485 3206 1592 3276 nonos

565 3313 598 3380 ἃ
615 3311 720 3408 gloria
734 3314 767 3382 in
785 3314 891 3384 secula
911 3312 1106 3384 seculorum!
1138 3313 1254 3381 Amen.
