3694 5626
553 429 603 502 70
837 425 889 478 on
914 424 1072 478 temtus
1095 425 1298 480 rnrsovust.

437 645 526 770 ,¹²¹⁸
555 649 708 723 adertris
723 649 843 739 relisla,
861 649 939 720 feria
957 649 1065 720 sexta¹
1079 649 1297 746 Sarragosam,
1314 673 1379 745 que
1394 650 1581 722 Siracusana

487 709 681 848 ⁶dicitur,
698 756 832 830 feliciter
848 757 1058 855 contigimus,
1081 753 1147 829 160
1161 753 1335 826 miliaribus
1349 782 1369 826 a
1381 755 1504 826 Maltha
1520 755 1580 828 dis·

555 883 686 935 tantem.
703 863 751 934 Est
767 889 877 935 autem
892 864 1079 936 Siracusana
1096 861 1185 933 sedes
1201 861 1395 959 episcopalis
1412 859 1456 932 ad
1473 865 1579 934 orien-

554 990 622 1038 tem
646 969 750 1042 Sicilie
774 971 857 1042 inter
877 970 1041 1040 Mazaram
1060 971 1095 1038 δι
1111 968 1306 1057 Cataneam,
1334 965 1390 1039 ubi
1407 965 1497 1038 diem
1514 969 1580 1041 Pal·

436 1106 491 1167 npr.
505 1105 526 1151 t.
554 1099 683 1146 marum
700 1076 896 1148 sollemniter
912 1073 1155 1163 celebravimus,
1185 1074 1351 1144 canonicis
1368 1073 1512 1146 eiusdem
1528 1101 1581 1148 ec-

553 1179 645 1252 cleste
662 1207 791 1253 morem
806 1183 995 1254 latinorum
1010 1207 1070 1278 per
1088 1181 1202 1250 omnia
1217 1178 1434 1274 sequentibus.
1453 1183 1582 1280 Qarta

436 1310 492 1370 Ape.
506 1321 540 1359 u.
555 1287 633 1358 feria
649 1289 799 1384 proxima
816 1288 894 1360 inde
919 1287 1115 1376 recedentes,
1132 1311 1189 1382 per
1207 1291 1319 1357 nosses
1334 1289 1370 1357 δι
1388 1285 1457 1357 dies
1478 1291 1581 1360 ventis

446 1421 491 1482 ΑΡ.
505 1433 540 1482 ¹5·
553 1389 597 1462 usr
610 1394 780 1490 prosperis,
793 1393 849 1465 sed
862 1395 1001 1465 nimium
1013 1391 1137 1482 validis,
1151 1393 1184 1463 in
1196 1389 1248 1462 die
1262 1392 1374 1463 sancto
1388 1393 1507 1488 pasche
1522 1394 1580 1468 sub

552 1497 652 1570 Creta
669 1501 771 1572 insula
786 1499 830 1572 ad
843 1500 1051 1572 occidentem
1067 1499 1227 1570 anchoras
1244 1501 1452 1596 proiecimus,
1470 1505 1504 1572 δι
1520 1501 1578 1574 ibi·

552 1604 630 1676 dem
650 1631 720 1679 tota
737 1611 836 1679 nodie
850 1609 958 1678 iatlati
975 1603 1125 1677 fluctibus
1138 1607 1173 1675 &
1185 1605 1347 1700 procellis,
1365 1631 1472 1702 preter
1489 1610 1581 1706 spem

553 1713 617 1784 Dei
634 1713 854 1786 misericordia
870 1714 993 1802 servati,
1009 1738 1107 1783 mane
1119 1712 1267 1802 insulam,
1284 1737 1348 1807 que
1361 1713 1484 1785 Sikilon
1502 1714 1580 1786 dici-

553 1843 614 1909 tur,
631 1821 816 1892 accessimus
832 1845 909 1890 cunr
926 1817 1026 1890 tribus
1043 1843 1171 1890 tantum
1190 1817 1338 1908 navibus,
1354 1845 1497 1914 quorum
1516 1820 1581 1894 due

552 1927 587 1996 in
606 1951 704 2022 portu
726 1922 892 1998 tenacibus
910 1925 1059 1996 anchoris
1076 1925 1305 1997 remanserunt.
1324 1927 1394 1998 Nos
1410 1951 1500 2019 vero,
1518 1928 1579 2000 sal·

551 2033 638 2105 lente
657 2034 811 2122 anchora,
829 2036 933 2106 ventis
946 2031 1104 2130 oppohtis
1123 2059 1142 2103 a
1157 2057 1253 2128 portu
1266 2031 1393 2130 repulh,
1411 2035 1497 2105 circa
1513 2034 1580 2106 ves·

552 2164 645 2236 petas
663 2139 719 2212 sub
737 2141 837 2213 Creta
850 2143 971 2237 recepti
988 2138 1029 2210 ad
1048 2139 1249 2235 aquilonem,
1273 2163 1343 2210 tota
1360 2143 1459 2211 node
1475 2141 1579 2212 ventis

553 2245 596 2317 uh
615 2245 772 2340 secundis,
796 2245 850 2318 die
871 2245 1014 2318 secundo
1038 2244 1081 2317 ad
1098 2247 1265 2344 vesperam
1282 2243 1450 2317 Candiam
1467 2248 1578 2318 civita-

554 2379 621 2424 tem
633 2357 849 2450 pervenimus,
867 2352 923 2426 ubi
936 2379 955 2426 a
966 2349 1150 2425 custodibus
1160 2353 1261 2424 insule
1274 2351 1446 2450 diligenter
1458 2351 1579 2445 edosli,

554 2485 618 2556 que
631 2458 742 2551 srdera,
760 2487 859 2556 quam
869 2461 930 2532 celi
945 2459 1080 2558 plagam
1096 2459 1186 2554 sequi
1198 2455 1390 2530 deberemus
1411 2458 1578 2530 tendentes
1598 2543 1601 2549 ¹

554 2569 660 2639 versus
690 2571 798 2660 Acon,
837 2567 909 2664 post
938 2567 1011 2638 solis
1040 2567 1193 2637 occasum
1221 2591 1356 2663 portum
1384 2565 1578 2661 linquentes,

555 2675 658 2747 ventis
674 2677 710 2745 ἀ
731 2676 812 2746 mati
833 2675 904 2772 plus
929 2700 1030 2770 quam
1056 2698 1117 2769 pro
1140 2696 1221 2744 voto
1247 2670 1496 2762 blandientibus,
1527 2673 1579 2744 die

450 2811 494 2872 Ap.
506 2811 543 2857 ιε.
556 2782 702 2880 septima,
716 2782 860 2877 sequenti
873 2780 925 2852 die
937 2781 1010 2878 post
1019 2779 1120 2850 Marci
1132 2778 1335 2877 evangeliste,
1348 2804 1482 2875 portum
1492 2783 1578 2852 Aco-

555 2890 689 2959 nensem
711 2887 890 2986 gaudentes
909 2887 1109 2976 intravimus,
1134 2887 1311 2982 gratiarum
1329 2887 1485 2977 astiones,
1509 2913 1579 2960 non

556 3019 635 3090 quas
653 2991 824 3065 debuimus
850 2992 904 3063 sed
922 3017 1002 3088 quas
1019 2991 1197 3087 potuimus,
1220 2991 1395 3064 referentes
1413 2995 1499 3086 Deo,
1524 2998 1579 3092 qui

554 3099 648 3173 nobis
661 3103 754 3174 omni
766 3102 907 3172 humant
922 3099 1078 3172 societatis
1092 3097 1207 3170 solatio
1221 3099 1375 3172 destitutis
1383 3127 1476 3174 tanto
1489 3100 1580 3173 affuit
1591 3139 1613 3186 p.
1623 3124 1678 3184 4⁸3-

555 3209 606 3279 sue
623 3210 749 3304 pietatis
768 3205 918 3305 prestdi0,
944 3231 979 3277 ur
996 3206 1069 3304 post
1093 3205 1213 3276 multos
1230 3207 1357 3280 labores
1376 3211 1486 3305 requie
1504 3233 1577 3281 cor-

552 3316 641 3412 poris
654 3314 790 3404 indulta,
808 3315 928 3386 docere
940 3311 1101 3386 videretur
1109 3311 1263 3408 expresse,
1281 3341 1345 3410 que
1361 3313 1396 3386 stt
1407 3313 1580 3388 beatorum

553 3423 626 3518 post
649 3420 763 3492 mundi
780 3419 923 3519 pericula
948 3419 1053 3490 futura
1080 3420 1206 3515 requies
1223 3423 1426 3515 animarum;
1451 3425 1485 3495 &
1503 3450 1580 3496 tunc

553 3528 688 3600 demum
707 3555 771 3624 que
789 3526 864 3624 palli
879 3528 994 3598 fuimus
1008 3525 1226 3622 periculorum
1240 3529 1421 3603 meminisse
1439 3531 1577 3618 juvabat.

555 3638 674 3707 Amen.

591 3815 600 3846 ι
616 3795 649 3862 iiij
659 3795 740 3864 prius,
752 3795 807 3846 ead.
820 3813 894 3848 mm
902 3813 964 3847 corr.
977 3794 1003 3846 in
1017 3797 1040 3864 vj
1050 3795 1077 3848 in
1092 3801 1118 3848 A.
