3694 5626
558 489 603 572 50
1014 488 1141 542 ousrn

469 742 528 790 1219
555 707 792 808 percussoribus
819 707 956 780 abstulit.
988 707 1057 778 Post
1078 709 1199 804 equites
1225 707 1351 778 nostros
1377 709 1489 805 egressi
1512 709 1584 780 sunt
1596 722 1811 784 V·‚f·¹0v⁰‚t-¹·

555 815 691 914 pedites,
709 819 744 886 &
760 814 898 886 modico
916 839 1066 912 tempore
1083 815 1115 886 se
1126 813 1348 886 subtraxerunt
1357 814 1482 908 hostes,
1498 818 1583 888 acies

554 924 631 994 hinc
651 921 728 994 inde
749 923 960 992 sustinuerunt
975 944 1110 1014 armate,
1136 919 1244 992 donec
1262 921 1486 1016 crepusculum
1513 951 1582 1021 pre-
1596 943 1632 1002 u..
1645 959 1664 1005 p.
1678 955 1742 1004 ²³5,
1754 958 1777 988 a
1788 953 1811 987 ι

554 1030 635 1100 lium
657 1029 828 1118 interemit,
848 1031 883 1099 δι
900 1030 1066 1100 Sarraceni
1083 1027 1217 1124 quidem
1234 1029 1358 1124 priores
1381 1027 1581 1103 recesserunt.

554 1138 711 1234 Corpora
740 1133 941 1231 perfidorum
965 1137 1060 1207 strata
1086 1135 1247 1223 iacebant,
1273 1139 1307 1207 ὅ(
1324 1137 1419 1208 multi
1449 1137 1584 1209 letaliter

554 1244 651 1336 saucij
670 1242 713 1314 ad
728 1242 829 1312 castra
843 1243 915 1312 sunt
937 1239 1083 1334 redusli3
1110 1243 1208 1340 pauci
1231 1241 1272 1314 de
1292 1243 1405 1313 nostris
1425 1243 1586 1314 interfecti

554 1352 638 1443 sunt,
660 1353 694 1421 ὅ(
712 1349 813 1445 aliqui
830 1375 945 1420 eorum
962 1352 1058 1446 capti.
1078 1351 1130 1421 Sic
1149 1351 1280 1424 salvavit
1296 1351 1461 1421 Dominus
1481 1353 1515 1420 in
1532 1349 1585 1421 die

556 1459 719 1555 sperantes
737 1458 771 1526 in
784 1456 816 1526 se
831 1481 890 1552 per
902 1457 1053 1527 virtutem
1066 1456 1312 1552 templariorum
1324 1458 1358 1526 ἃ
1371 1481 1497 1544 eorum,
1518 1457 1584 1552 qui,

556 1562 630 1662 ipss
646 1564 826 1659 cooperati,
853 1562 884 1631 se
903 1561 1081 1633 discrimini
1100 1545 1339 1634 commiserunt.
1366 1565 1585 1654 lnstrumenta,

556 1695 672 1742 contra
685 1670 850 1740 civitatem
868 1692 1052 1764 preparata,
1070 1671 1183 1741 omnia
1197 1695 1303 1767 preter
1318 1671 1417 1742 scalas
1435 1697 1454 1742 a
1472 1667 1585 1740 defen·

557 1775 681 1848 loribus
699 1777 766 1846 eius
784 1773 856 1844 sunt
873 1763 1052 1852 combusta.

605 1881 783 1971 lanuenses,
799 1879 900 1950 Pisani
917 1883 952 1951 δι
968 1881 1158 1975 Veneriani,
1185 1883 1348 1957 civitatem
1369 1883 1401 1953 se
1418 1907 1586 1980 expugna·

556 2015 657 2081 turos,
675 1986 923 2086 promittebant,
944 1986 1001 2058 sed
1016 1987 1074 2086 ipsr
1093 2014 1161 2060 non
1180 2013 1272 2061 erant
1288 1988 1330 2061 de
1346 2015 1484 2060 numero
1501 1989 1587 2060 viro·

558 2123 630 2168 rum
660 2095 802 2186 illorum,
832 2121 889 2190 per
920 2119 1003 2190 quos
1034 2095 1184 2168 facienda
1213 2119 1281 2167 erat
1309 2096 1391 2166 salus
1408 2098 1441 2165 in
1473 2094 1586 2185 lsra'e'l3

558 2202 717 2276 volebant
730 2205 818 2276 enim
830 2200 886 2274 srbi
900 2204 1006 2274 facere
1018 2227 1154 2293 nomen,
1172 2229 1248 2274 cum
1262 2201 1346 2274 tubis
1359 2205 1394 2274 ὃ(
1409 2201 1588 2274 callamillis

558 2314 593 2381 &
617 2308 712 2408 fignis
736 2309 901 2407 progreffi.
930 2307 1058 2404 Quibus
1086 2309 1263 2407 apostolice
1289 2309 1370 2381 sedis
1398 2309 1523 2406 legatus
1546 2305 1588 2378 de

560 2419 732 2490 communi
757 2415 848 2486 dedit
870 2417 1016 2514 sumptus
1033 2417 1198 2514 cqpiosos,
1225 2441 1280 2487 rex
1299 2419 1334 2486 &
1351 2415 1403 2518 ali]
1422 2413 1589 2486 cordas&

559 2524 730 2614 anchoras,
744 2511 850 2620 pr‘ous
855 2521 1023 2620 petebant,
1037 2509 1500 2596 habundanteferiliibuetunt.
1520 2524 1588 2618 ng-

558 2630 742 2729 gredientes
759 2631 869 2724 itaque
887 2631 1051 2701 civitatem
1068 2629 1242 2726 primodie
1257 2630 1377 2700 multos
1395 2625 1586 2700 occiderunt

558 2738 593 2806 δι
605 2736 864 2828 vulneraverunt,
882 2735 937 2808 sed
950 2760 1074 2833 quanto
1090 2736 1303 2832 postmodum
1317 2737 1421 2833 sepius
1433 2736 1587 2806 insultum

560 2843 715 2932 fecerunt,
742 2866 833 2914 tanto
861 2845 966 2940 magis
992 2843 1074 2913 muri
1098 2842 1214 2942 ligneis
1232 2843 1397 2914 castellulis
1416 2868 1454 2914 ac
1471 2841 1551 2914 liciis
1568 2867 1587 2910 a

560 2945 683 3020 civibus
697 2946 921 3020 fulciebantur.
944 2949 1140 3020 Defensores
1153 2951 1251 3021 etiam
1265 2947 1422 3020 robustius
1436 2951 1467 3021 se
1480 2951 1586 3047 super-

560 3051 762 3128 venientibus
781 3052 1008 3151 opponebant,
1022 3057 1056 3125 ἃ
1068 3051 1110 3124 stc
1126 3056 1220 3148 scale,
1237 3058 1424 3154 perignem
1441 3056 1588 3127 mutilate
1601 3067 1641 3126 V·.
1653 3065 1806 3125 trove,e2.

560 3164 594 3232 ὅ(
611 3162 729 3258 pluries
746 3183 902 3255 reparate,
927 3157 1062 3231 tandem
1081 3158 1124 3231 ad
1140 3162 1258 3259 ripam,
1282 3163 1405 3234 infesto
1432 3162 1586 3260 negocio,
1844 3149 1845 3188 ³

561 3267 633 3338 sunt
648 3267 791 3360 redutte,
816 3270 851 3339 δι
872 3265 914 3338 src
932 3267 1169 3365 deprehensum
1194 3268 1239 3340 est
1262 3271 1298 3340 δε
1313 3270 1468 3342 veraciter
1494 3269 1588 3340 intel·

559 3373 691 3466 lectum,
705 3375 772 3444 sola
785 3374 902 3446 virtute
914 3371 1025 3447 divina
1039 3375 1227 3446 Damiatam
1236 3377 1333 3446 armis
1345 3374 1588 3447 christianorum
1602 3391 1637 3450 Bu
1647 3392 1732 3453 μηθ’
1744 3407 1763 3436 ⁶·
1783 3405 1803 3437 ¹·

562 3477 633 3550 fote
650 3477 855 3551 tradendam.
875 3479 946 3550 Nos
959 3507 1038 3553 vero
1052 3481 1201 3552 insensati
1216 3483 1251 3551 δι
1267 3483 1476 3553 immemores
1489 3479 1588 3552 bene·

562 3567 711 3656 siclorum
736 3587 799 3656 Dei
830 3587 1087 3682 provocavimus
1117 3611 1233 3658 contra
1260 3613 1321 3658 nos
1347 3587 1461 3659 oculos
1479 3587 1589 3658 maies-

562 3692 635 3762 tatis
649 3693 716 3761 eius
733 3717 791 3787 per
804 3693 966 3763 maiorum
979 3690 1134 3764 desidiam
1146 3695 1181 3763 δι
1194 3695 1471 3764 murmuraciones
1484 3694 1589 3764 mino·

563 3823 652 3888 rum3
669 3795 796 3893 pedites
810 3795 971 3892 equitibus
988 3795 1256 3895 improperabant
1273 3801 1452 3898 ignaviam,
1469 3801 1592 3895 equites

563 3900 712 3998 peditum
737 3901 881 3997 pericula
908 3899 1158 3996 dissimulabant,
1184 3903 1319 4000 quando
1333 3917 1342 3951 ¹
1356 3927 1470 3976 contra
1486 3904 1592 3975 hostes

564 4005 824 4106 egrediebantur.
849 4005 947 4081 Unde
965 4009 1088 4081 sadum
1105 4009 1160 4102 est,
1178 4035 1224 4100 ut,
1242 4009 1472 4082 communibus
1490 4011 1592 4108 culpis

602 4254 612 4286 r
630 4237 658 4287 V.
672 4252 758 4305 quum.
