3694 5626
461 527 767 584 CRUCIGERORUM
791 527 1074 584 RHENANORUM.
1238 527 1279 610 53

257 747 482 848 maganellis,
511 747 724 846 tharcsiiisque
749 746 931 821 ferientibus
947 773 1010 846 pro
1025 745 1197 846 implendo
1217 747 1281 819 sos·
1311 777 1369 827 ηις

257 863 326 936 sito
344 863 469 936 feritate
489 861 657 936 barbarica
676 890 738 935 nos
758 865 974 960 impetierunt.
1003 862 1067 936 Sed
1092 861 1189 934 durus
1213 861 1281 936 bel·

256 971 352 1062 lator,
380 970 598 1067 triumphator
623 971 657 1040 in
687 971 789 1062 lsraisl,
819 970 909 1041 solita
935 969 1006 1040 usus
1031 969 1151 1067 gracia,
1182 969 1282 1040 castra

256 1077 364 1147 noslra
377 1073 534 1166 defendit,
551 1073 647 1148 misso
662 1075 758 1148 nobis
775 1103 833 1174 per
850 1103 938 1148 mare
947 1076 1108 1148 Salvarico
1123 1073 1164 1146 de
1176 1074 1281 1146 Malo·

255 1181 354 1254 leone
375 1205 451 1252 cuin
467 1183 567 1278 galeis
585 1185 714 1254 armatis
727 1186 761 1254 ἃ
774 1181 982 1255 bellatoribus
1001 1182 1146 1278 plurimis
1157 1181 1191 1251 in
1208 1182 1279 1278 ipso

258 1288 364 1360 nostre
380 1289 568 1360 neceffitatis
593 1287 738 1361 articulo
766 1288 801 1360 Et
825 1313 886 1359 nos
903 1287 945 1360 ad
971 1288 1031 1359 hec
1053 1287 1229 1358 clamantes
1245 1287 1279 1358 in

30 1409 245 1476 v.,r.uv⁰,en
258 1394 364 1465 celum
389 1419 452 1465 nec
477 1395 673 1491 trepidantes
697 1393 740 1466 ad
766 1397 937 1491 impetum,
966 1393 1020 1466 sed
1042 1394 1173 1468 viriliter
1196 1391 1280 1466 resis-

257 1523 360 1571 tentes
372 1501 544 1594 interfesli,
562 1503 694 1574 sauciati
710 1505 744 1573 ἃ
757 1499 915 1573 combusti
928 1499 970 1573 ab
984 1501 1098 1572 insultu
1116 1499 1278 1588 triduano,

257 1605 361 1677 hostes
374 1631 484 1679 tamen
502 1607 653 1680 recedere
669 1609 839 1706 cosgimus
855 1605 950 1705 ipsius
967 1611 1093 1696 virtute,
1111 1609 1168 1704 qui
1180 1607 1281 1681 salvat

256 1713 419 1810 sperantes
430 1715 465 1785 in
482 1715 523 1787 se.

484 1943 551 2016 Vll.
578 1945 630 2014 Ue
645 1949 784 2038 capcione
800 1947 883 2014 urbis
896 1947 1050 2014 Damione.

304 2139 425 2208 lnterea
433 2137 554 2226 civitas,
567 2133 736 2208 obsdione
748 2136 860 2234 longa,
876 2135 973 2224 ferro,
988 2136 1077 2208 fame
1088 2135 1278 2234 &pestilen-

254 2244 304 2314 cia
319 2244 460 2340 graviter
476 2240 605 2332 afflicta,
626 2245 659 2314 in
677 2243 744 2314 sola
760 2268 853 2339 pace,
876 2267 976 2338 quam
989 2242 1139 2314 soldanus
1156 2239 1278 2314 civibus

254 2347 411 2447 promisit,
438 2350 530 2446 spem
554 2349 671 2445 posuit.
703 2347 799 2420 Adeo
826 2351 914 2421 enini
938 2351 973 2419 in
1000 2374 1041 2420 eo
1067 2349 1169 2420 fames
1189 2351 1279 2422 inva-

252 2457 322 2545 luit,
337 2479 372 2526 ut
387 2453 451 2526 cibi
460 2454 682 2528 desiderabiles
696 2453 850 2547 deessent,
862 2457 956 2552 panis
972 2479 1141 2552 corruptus
1155 2469 1164 2502 ¹
1177 2453 1278 2526 abun·

254 2561 344 2633 daret
363 2563 399 2634 in
422 2589 469 2634 ea.
495 2562 611 2658 Neque
636 2564 725 2633 enim
742 2558 895 2632 durabilis
916 2560 981 2633 esse
996 2559 1130 2658 possunt
1145 2561 1278 2659 Egyptie

253 2693 334 2739 terre
349 2667 458 2765 fruges
469 2693 606 2766 propter
618 2667 733 2738 molles
745 2664 868 2764 glebas,
885 2669 918 2738 in
931 2665 1047 2763 quibus
1060 2669 1215 2759 crescunt,
1232 2671 1277 2756 δι,

253 2799 289 2844 ut
304 2773 497 2862 audivimus,
517 2778 693 2845 cossanum
708 2799 811 2844 unum
826 2775 861 2844 in
880 2800 918 2844 ea
934 2772 1113 2845 duodecim
1129 2773 1277 2845 Bisanciis
1388 2795 1390 2800 ·

252 2878 461 2952 vendebatur.
483 2879 525 2951 Ex
545 2881 691 2978 angustia
707 2883 811 2952 eciam
829 2881 924 2952 samis
941 2879 1069 2955 diverse
1085 2878 1278 2952 morborum

252 2985 424 3086 generibus
442 2985 650 3078 vexabantur,
667 2990 759 3058 itaut
775 3013 814 3058 ex
831 2990 944 3085 capitis
959 2989 1184 3060 exinanicione
1195 2987 1277 3059 visus

253 3092 484 3184 obscurareni'r,
508 3097 543 3165 &
560 3093 691 3190 plurimi
712 3119 836 3183 eorum,
866 3097 983 3193 apertis
1001 3098 1141 3167 iacentes
1165 3093 1277 3185 oculis,

252 3199 333 3272 nihil
351 3198 508 3272 viderent.
535 3199 696 3274 Soldanus
718 3225 827 3272 autem
839 3203 930 3275 vanis
943 3229 1000 3274 eos
1017 3198 1277 3300 promissionibus

36 3333 77 3390 u..
91 3349 112 3394 p.
121 3331 177 3392 ηε,
188 3347 207 3378 0.
218 3343 239 3378 ι.
251 3306 454 3405 protrahens,
468 3305 598 3403 decepit
611 3309 743 3378 miseros
758 3335 778 3380 a
790 3307 963 3381 dedicione
976 3307 1158 3380 dehortans.
1175 3307 1277 3378 Deni-

252 3439 318 3510 que
331 3437 442 3510 portas
454 3413 589 3485 civitatis
602 3413 836 3506 obstruxerunt,
850 3441 891 3487 ne
904 3414 999 3488 nobis
1012 3413 1052 3488 ab
1066 3415 1176 3511 aliquo
1185 3439 1276 3512 egre·

38 3543 239 3604 V.,f.izro,c.1.
253 3520 362 3593 diente
379 3544 494 3590 eorum
510 3521 738 3592 nunciarentur
750 3521 975 3594 incommoda.
993 3523 1024 3594 Si
1040 3523 1096 3618 qui
1111 3547 1201 3609 vero,
1218 3547 1277 3618 per

251 3650 362 3697 muros
374 3625 509 3696 latenter
522 3625 630 3717 emiffi,
640 3625 777 3700 evadere
790 3651 976 3725 potuerunt,
987 3641 1002 3674 ²
1012 3625 1114 3698 inslati
1127 3630 1162 3698 δι
1174 3626 1275 3697 fame·
1310 3619 1312 3624 ’

249 3732 303 3803 lici
323 3733 443 3804 civium
460 3733 591 3804 suorum
607 3735 766 3832 angustias
788 3733 954 3806 evidenter
968 3731 1172 3825 indicabant3
1189 3757 1276 3804 eiren
1313 3813 1317 3822 Δ

250 3841 315 3910 citu
332 3864 477 3936 quoque,
505 3842 560 3936 qui
586 3841 662 3911 soris
688 3867 749 3911 nos
774 3839 952 3928 obfidebat‚
983 3841 1076 3938 panis
1100 3865 1140 3912 ac
1164 3837 1298 3936 pabuli·

249 3947 347 4042 copia
367 3947 454 4043 cepit
470 3945 662 4018 decrescere.
690 3945 783 4018 Nilus
806 3944 974 4043 siquidem,
1003 3947 1059 4042 qui
1075 3947 1174 4018 eslivo
1192 3969 1274 4016 tem-

248 4075 331 4150 pore
351 4051 475 4126 solebat
491 4054 673 4125 excrescens
689 4052 804 4152 egypti
820 4077 918 4125 terras
933 4054 1076 4153 irrigare,
1100 4052 1167 4124 hoc
1183 4077 1273 4126 anno

287 4297 296 4331 i
316 4281 345 4338 V.
358 4279 488 4355 corruptis.
504 4309 535 4322 -
550 4301 565 4340 a
579 4281 608 4336 V.
617 4291 758 4355 potuerant.
