3694 5626
589 523 653 618 138
893 537 1084 590 10nnnnns
1100 537 1150 588 on
1168 535 1314 588 rocem

510 789 568 836 1219
582 759 636 847 est,
652 763 686 830 δι
699 758 803 828 nuilus
816 739 967 853 princeps
985 755 1027 826 de
1043 782 1081 826 ea
1094 756 1191 852 plene
1208 749 1331 824 laudari
1348 753 1452 847 potest
1469 749 1525 822 nih
1544 751 1605 844 ille,

581 868 633 936 cui
645 866 713 936 iaus
726 868 760 935 ἃ
780 865 885 962 gloria
902 864 1054 958 pertinet,
1071 865 1105 932 ἃ
1122 860 1286 932 convenit.

472 983 532 1029 Νῦν·
545 997 566 1043 5·
629 972 798 1042 ivr-Lvn.
824 973 924 1039 Anno
938 969 1077 1039 Domini
1094 966 1233 1038 M.CC.
1248 967 1310 1054 nin,
1325 977 1334 1011 ¹
1347 963 1528 1038 indie'iione
1539 968 1603 1054 viij,

581 1077 753 1173 quintadie
764 1081 903 1147 intrante
913 1072 1239 1162 menl'eNovembris,
1249 1075 1282 1142 in
1291 1072 1517 1170 vigiliaSancii
1528 1073 1605 1142 leo·

581 1179 1605 1274 nardiabhatis,inmedia,annumunum&mensesquinque&

580 1287 804 1360 hebdomadas
822 1287 912 1374 duas,
930 1290 964 1356 δι
983 1287 1072 1357 diem
1089 1313 1190 1357 unum
1209 1286 1323 1355 stantes
1342 1283 1514 1354 Christiani
1531 1309 1605 1354 anre

581 1397 779 1482 Damiatam,
800 1421 819 1463 a
836 1390 986 1462 manibus
999 1393 1208 1463 inimicorum
1225 1392 1327 1460 crucis
1345 1415 1419 1460 eam
1435 1389 1604 1485 usurpave-
1645 1461 1651 1474 ,

581 1525 665 1588 runt,
680 1523 829 1594 ternpore
843 1499 985 1585 Honorij
1004 1497 1119 1568 summi
1134 1495 1296 1593 pontificis
1309 1500 1343 1567 &
1356 1496 1485 1567 domini
1496 1493 1605 1582 frede-

581 1607 637 1674 rici
650 1605 865 1701 imperatoris,
883 1605 916 1673 ἃ
928 1617 942 1649 ²
953 1605 987 1674 in
1003 1629 1151 1700 tempore
1167 1603 1327 1694 iohannis,
1341 1605 1425 1699 regis
1442 1602 1606 1674 ierusalem

581 1713 614 1781 dc
632 1709 759 1806 Pelagii,
786 1709 890 1778 Rome
909 1709 1018 1806 legari,
1035 1712 1069 1779 δι
1087 1708 1249 1806 Radulphi
1267 1707 1459 1803 patriarche,
1475 1709 1606 1781 volente

583 1817 730 1887 Domino
748 1817 782 1884 ἀ
800 1839 1012 1912 cooperante,
1035 1819 1089 1909 qui
1113 1817 1226 1885 omnia
1244 1815 1329 1904 fecit,
1346 1813 1521 1884 Christiani
1538 1817 1606 1885 Da·

580 1923 714 1992 miatarn
745 1917 787 1990 ad
808 1919 969 1990 honorem
986 1922 1049 1990 Dei
1066 1922 1101 1990 ἃ
1123 1922 1274 1990 omnium
1291 1921 1477 1990 sanciorum
1493 1919 1605 1989 lucrati

581 2025 661 2096 sunt.
675 2031 713 2095 Er
733 2053 786 2096 vos
804 2055 915 2114 omnes,
926 2033 978 2118 qui
993 2029 1099 2120 legiris
1112 2028 1142 2096 o
1153 2029 1420 2120 intelligitis'hanc
1438 2031 1603 2118 hystoriam,

576 2159 634 2226 pro
652 2140 753 2202 anima
765 2136 934 2226 presbyteri
947 2139 1088 2203 Iohannis
1105 2136 1142 2202 de
1155 2131 1264 2202 ‘fulbia
1282 2157 1375 2222 orate,
1393 2137 1444 2223 qui
1457 2138 1513 2202 hoc
1526 2159 1605 2202 corn·

574 2241 681 2330 posuit
705 2239 736 2307 d
764 2241 807 2308 ibi
827 2244 908 2330 fair,
939 2239 970 2307 d
994 2266 1170 2330 quecumque
1196 2244 1394 2331 contigerunt,
1424 2241 1604 2329 Christianis

574 2347 696 2436 scripfit
721 2346 751 2414 6⁴
777 2349 938 2415 denotavit.
965 2345 1066 2416 Nono
1085 2343 1216 2414 decimo
1243 2342 1296 2413 die
1324 2343 1396 2439 post
1417 2345 1606 2439 captionem

458 2467 567 2512 novar.
582 2471 673 2539 terre,
702 2451 735 2520 in
763 2449 815 2520 die
840 2451 956 2522 Sandie
973 2449 1106 2541 Cecilie,
1129 2473 1336 2546 perrexerunt
1360 2447 1533 2520 Christiani
1563 2445 1604 2519 ad

581 2553 729 2644 castrum,
746 2554 839 2649 quod
859 2555 975 2626 dicitur
987 2553 1210 2644 Thamihum3
1234 2579 1301 2624 erat
1318 2554 1407 2624 enim
1424 2555 1515 2625 fortis
1538 2555 1604 2626 Da·

582 2661 680 2729 miata
704 2662 739 2730 ἀ
756 2659 858 2750 locus,
884 2659 940 2731 ubi
960 2661 1052 2732 multi
1073 2659 1278 2758 peribant&
1295 2659 1421 2732 nullum
1442 2663 1606 2759 Paganum
1831 2725 1832 2746 ς

582 2761 627 2836 ibi
648 2767 848 2857 invenenmt,
874 2769 909 2836 ἃ
926 2766 1099 2837 Christiani
1116 2763 1297 2837 habuerunt
1314 2789 1438 2838 metum
1462 2769 1497 2837 dc
1514 2792 1606 2864 puta-

582 2896 706 2961 verunt,
724 2871 810 2942 aliud
829 2870 903 2960 effe,
925 2897 1024 2968 quam
1044 2873 1106 2943 fuit
1121 2875 1156 2943 ἀ
1173 2897 1230 2968 per
1247 2871 1330 2942 duos
1348 2871 1415 2944 dies
1428 2897 1504 2944 ante
1520 2872 1635 2944 ah'udf.
1647 2903 1685 2951 37.

459 2983 519 3028 Nov-
531 2997 569 3044 ²³·
583 2977 720 3048 castrum
741 2979 894 3050 steterunt
911 2981 946 3049 ἀ
963 2979 997 3048 in
1015 2978 1068 3049 die
1087 2979 1194 3050 Sanni
1211 2978 1391 3050 Clementis
1409 2979 1494 3050 intus
1511 2983 1608 3051 intra·
1667 2973 1672 2982 ’

584 3107 708 3173 verunt,
728 3086 763 3154 ἃ
780 3083 885 3154 nullus
903 3085 1048 3180 Paganus
1068 3083 1112 3155 ibi
1128 3109 1228 3172 erant,
1247 3087 1282 3155 δε
1297 3081 1339 3154 hc
1356 3083 1528 3156 Christiani
1544 3083 1608 3156 fine

584 3211 690 3259 morte
707 3189 771 3259 ulla
790 3189 928 3260 castrum
943 3187 1084 3280 Thamhj
1102 3191 1216 3260 lucrati
1233 3189 1314 3261 sunt.

631 3293 812 3366 LVIII-LIX.
841 3299 872 3364 ln
892 3294 952 3364 hiis
976 3319 1054 3367 vero
1086 3291 1197 3366 diebus
1227 3319 1298 3366 orta
1326 3294 1371 3366 est
1400 3297 1522 3392 magna
1547 3293 1607 3366 dis·

584 3395 697 3468 cordia
714 3401 796 3471 inter
811 3400 957 3499 legatum
986 3404 1021 3472 ἀ
1048 3427 1172 3499 regem,
1198 3401 1446 3498 propterquod
1470 3427 1524 3472 rex
1553 3425 1607 3495 pe-

584 3501 671 3573 tebat
705 3501 890 3576 dominium
923 3505 1069 3597 civitatis,
1098 3508 1133 3576 dc
1168 3505 1294 3604 legatus
1327 3507 1432 3578 noluit
1464 3508 1495 3576 ei
1528 3531 1607 3576 con·

584 3606 697 3680 cedere
724 3613 758 3680 δι
791 3634 926 3707 propter
958 3613 1151 3703 thesaurum,
1179 3609 1272 3708 quod
1298 3610 1432 3684 nolebat
1463 3611 1606 3698 reddere,

582 3713 616 3782 δι
640 3715 672 3784 ἱη
696 3739 821 3786 rantum
836 3717 966 3787 intravit
984 3716 1146 3789 discordia
1159 3719 1243 3788 inter
1262 3718 1334 3789 iilos
1351 3720 1386 3788 ἃ
1403 3719 1608 3790 intentorum

582 3821 768 3910 exercitum,
798 3819 889 3916 quod
916 3845 969 3892 rex
990 3825 1127 3895 armavit
1153 3847 1214 3893 tres
1243 3824 1363 3921 galeas,
1390 3825 1425 3893 dc
1452 3821 1493 3895 de
1521 3850 1608 3896 exer·

583 3925 646 3995 citu
672 3924 806 3997 volebat
833 3927 993 4018 recedere,
1019 3931 1053 3999 δι
1082 3953 1197 4000 omnes
1227 3930 1273 4000 sui
1306 3930 1433 4021 secum3
1462 3929 1527 4000 hoc
1561 3931 1608 4002 vi·

620 4147 630 4181 1
655 4133 824 4199 coapraeber
842 4134 1067 4187 Mccxv111.-
1125 4136 1213 4188 verbis
1223 4135 1311 4188 iussum
1325 4137 1608 4206 Romaeusqueadpor·

583 4227 597 4258 a
613 4209 642 4260 In
654 4209 734 4261 codice
746 4211 788 4261 hor
798 4211 1067 4282 loc'osalsoflquurrrur,
1125 4214 1217 4266 tionem
1231 4215 1290 4266 dare
1304 4215 1413 4283 legimus.

581 4303 632 4358 que
651 4287 793 4358 insrquend
808 4295 913 4358 pagina,
925 4292 972 4355 soi.
991 4310 1032 4356 37,
1050 4311 1067 4343 a
