3694 5626
553 545 757 600 ousmrours
777 545 974 600 DAMIATE.
1220 549 1265 629 93

251 763 395 834 Crucem
403 759 556 833 accedere
577 759 767 855 deberent,¹
793 787 829 834 ut
844 765 907 852 iile,
926 765 982 860 qui
998 767 1031 835 in
1047 789 1085 837 ea
1101 765 1268 864 pependit,
1285 803 1349 852 ηιμ

251 869 436 942 Christianis
456 869 608 940 aurdiium
627 871 662 940 ἀ
677 871 830 943 iuvamen
849 871 925 942 dare
942 869 1087 960 deberet,
1107 895 1143 942 ut
1159 875 1270 945 civita·

251 1000 319 1048 tem
339 975 493 1048 velociter
513 1000 628 1070 capere
649 973 787 1072 possent.
799 991 814 1022 ²
832 976 951 1048 Tunc³
971 978 1134 1074 principes
1151 976 1271 1049 habue-

251 1105 323 1152 runt
342 1079 521 1174 consilium,
547 1081 638 1177 quod
664 1107 734 1153 non
755 1106 823 1154 erat
846 1081 973 1154 bonum
993 1083 1130 1180 prelium
1156 1085 1272 1177 facere,

253 1191 328 1283 quia
352 1187 526 1285 oportebat
550 1215 736 1286 expugnate
759 1190 924 1262 civitatem
949 1191 984 1260 ¹&
1008 1187 1183 1261 defendere
1209 1191 1272 1261 fos-

252 1295 365 1383 satum,
383 1295 459 1390 quia
474 1321 537 1392 pto
553 1321 621 1368 uno
638 1296 824 1367 Christiano
842 1297 1078 1394 quinquaginta
1097 1297 1273 1388 sarraceni,

243 1402 286 1492 ¹&
303 1397 344 1470 stc
360 1401 588 1472 remanserunt.

299 1505 400 1578 XXX.
422 1511 502 1578 item
519 1507 672 1578 dominus
696 1507 821 1605 legatus
846 1509 923 1580 fecit
947 1535 1071 1581 armare
1097 1529 1212 1581 omnes
1240 1511 1274 1582 in

85 1635 127 1682 nr.
145 1635 205 1695 te4
214 1611 398 1704 anavibus,
429 1614 463 1684 in
491 1613 627 1684 cochis4
641 1616 676 1683 ὃ(
705 1613 806 1711 galeis
837 1617 871 1684 ὃ(
899 1613 1024 1686 barchin
1044 1617 1078 1687 ἃ
1103 1615 1164 1687 aiia
1185 1615 1274 1714 ligna

252 1717 295 1790 ad
321 1721 482 1790 civitatem
511 1719 706 1817 capiendam
729 1723 1039 1819 appropinquantes.
1065 1723 1201 1792 Primam
1225 1745 1274 1792 ar·

252 1847 422 1896 maverunt
440 1825 550 1914 Pisani,
572 1825 748 1898 secundam
773 1851 978 1898 armaverunt
1006 1828 1183 1918 ianuenses,
1212 1851 1273 1900 ter·

252 1931 332 2000 tiam
359 1931 543 2022 Venetiani,
571 1957 720 2030 quartam
749 1932 902 2004 dominus
927 1934 1063 2032 legatuS,
1087 1937 1121 2004 δι
1146 1934 1275 2005 fuerunt

252 2061 374 2108 armate
391 2043 509 2112 ostavo
528 2039 581 2111 die
599 2043 737 2112 intrante
764 2041 853 2129 tutio,
883 2039 925 2111 de
941 2037 1037 2112 bonis
1065 2037 1238 2136 peditibus,
1260 2050 1362 2103 ΗΜ·

251 2143 422 2216 balestariis
439 2149 473 2216 dt
489 2147 639 2218 archeriis
665 2147 749 2218 ferro
769 2147 851 2219 berte
875 2147 1037 2244 coopertis
1053 2149 1088 2216 &
1106 2147 1141 2216 in
1158 2171 1274 2218 aurora

251 2249 318 2320 diei
342 2249 462 2322 direcie
492 2253 564 2324 sunt
596 2253 679 2324 scale
708 2255 793 2324 circa
827 2255 934 2324 menia
963 2255 1111 2343 civitatis,
1141 2255 1176 2323 &
1204 2277 1275 2324 tota

252 2355 305 2428 die
328 2382 597 2455 expugnaverunt
623 2385 699 2430 cum
718 2359 787 2430 iltis.
814 2359 934 2456 Pagani
955 2385 1033 2430 vero
1057 2362 1092 2429 &
1112 2360 1276 2431 Sarraceni

252 2487 329 2533 cum
349 2461 511 2534 trabucbis
534 2469 568 2536 dt
588 2464 742 2561 prederiis
771 2466 895 2536 fortiter
918 2489 1147 2563 oppugnantes
1163 2467 1276 2564 ignem

253 2569 489 2664 &sulphurem
514 2573 686 2642 accensum
710 2573 805 2669 super
824 2593 877 2643 eas
903 2572 1002 2643 scalas
1023 2574 1277 2668 proiecerunt&

251 2697 380 2771 partem
406 2701 517 2746 earum
548 2673 799 2750 combufferunt.
829 2678 1059 2776 Prospicientes
1080 2678 1141 2750 hec
1167 2678 1276 2750 Chris-

81 2811 110 2857 Ρ.
123 2809 141 2856 r.
156 2811 239 2857 mn.
253 2781 342 2873 tiani,
371 2808 480 2854 amare
505 2780 580 2856 flere
596 2787 631 2856 δε
647 2807 765 2856 tetram
788 2786 924 2857 osculari
942 2788 1133 2884 ceperunt‚⁶
1153 2809 1278 2858 nomen

254 2916 388 2988 quoque
407 2893 546 2962 Domini
569 2891 667 2962 nostri
693 2891 778 2962 lhesu
806 2892 923 2964 Christi
943 2893 1097 2964 Crucifixi
1121 2897 1277 2965 invocan-

253 3025 312 3091 tes,
331 2999 498 3070 levantes⁷
513 3023 629 3070 manus
647 3023 730 3070 voce
749 3025 871 3098 magna
882 3001 895 3046 ⁸
908 2998 1073 3072 dicebant:
1093 3005 1276 3099 ODomt'ne,

253 3109 339 3200 ihesu
366 3108 492 3196 Christe,
521 3112 574 3198 qui
606 3109 735 3199 liberasti
764 3133 825 3178 tres
850 3134 961 3201 pueros
989 3114 1156 3194 oinuniunq
1191 3113 1277 3201 cipa-

253 3218 343 3304 rt'rm,
376 3216 549 3308 Misae'iern
573 3219 611 3284 de
635 3223 752 3285 camino
781 3221 863 3308 ignis
889 3218 1024 3285 ardentis
1051 3215 1081 3283 ἃ*
1107 3220 1209 3285 Ionam
1241 3218 1278 3286 de

253 3345 353 3390 ventre
377 3327 445 3407 ceri,
473 3322 569 3390 libera
586 3327 694 3416 serum
722 3322 803 3392 Tuos
819 3325 856 3391 de
879 3329 960 3393 omni
977 3324 1056 3392 mulo
1075 3321 1131 3389 Μ
1136 3324 1277 3415 periculo

257 3433 448 3524 Pugrnorum
469 3429 500 3500 C»
516 3431 539 3497 S
540 3455 756 3516 arrucenorum,
768 3439 796 3474 ¹0
813 3455 846 3499 ur
861 3435 916 3523 ἱρῇ
934 3435 1057 3524 Pagani
1074 3455 1131 3499 non
1149 3431 1278 3499 exultent

292 3612 302 3644 1
326 3595 364 3647 M.
377 3611 480 3662 pergere
489 3593 605 3645 debeant.
629 3621 657 3631 -
674 3616 688 3647 2
705 3594 744 3646 M.
760 3593 854 3664 poss'mt.
876 3625 911 3635 -
929 3611 941 3658 3
965 3597 990 3646 P.
1005 3594 1090 3647 omittit
1103 3594 1230 3662 sequentia
1245 3597 1278 3646 ab

254 3673 311 3726 hinc
330 3673 403 3740 usque
420 3677 456 3725 ad
467 3674 579 3738 navibus,
598 3673 632 3728 in.
652 3705 687 3714 -
702 3692 719 3736 4
739 3675 764 3726 P.
780 3675 854 3725 habet
866 3675 915 3742 post
933 3689 1023 3743 cupere
1038 3672 1134 3743 possent
1141 3674 1279 3742 sequentem

255 3761 361 3804 nsunt:
377 3753 423 3804 His
437 3751 522 3821 itaque
535 3753 617 3820 getis,
632 3753 749 3804 dominus
761 3753 858 3821 legatus
872 3753 989 3823 precepit,
1009 3765 1036 3806 ut
1051 3771 1138 3805 omnes
1154 3751 1231 3806 eti'ent
1246 3750 1278 3803 ad

255 3829 381 3884 civitatem
396 3834 587 3902 expugnandam
601 3833 732 3902 preparati.
756 3833 785 3884 In
803 3833 892 3885 odiavo
903 3849 963 3885 vtro
976 3833 1017 3884 die
1032 3832 1119 3885 mensis
1133 3831 1188 3900 luiij
1201 3830 1279 3884 coche
1292 3833 1367 3880 1u1.8.

255 3913 279 3964 δι
292 3913 399 3981 galee&
413 3913 504 3965 barche
517 3914 539 3965 dr
552 3912 599 3964 aira
611 3911 687 3982 ligne,
703 3911 736 3964 ad
749 3911 873 3965 civitatem
887 3913 1123 3982 appropinquantes,
1137 3929 1180 3982 per
1199 3923 1279 3964 totam

255 3992 320 4046 diem
332 4003 547 4062 expugnaverunt.
568 3993 665 4061 Pagani
676 4009 736 4046 vero
752 3994 777 4045 dc
794 3993 929 4060 sarraceni,
950 3993 974 4046 fe
991 3991 1093 4046 firmiter
1111 3993 1281 4056 defendentes,

255 4078 326 4144 super
337 4074 423 4139 statas,
442 4091 491 4142 que
509 4073 535 4125 in
554 4073 609 4142 ipsis
626 4073 709 4126 cochis
724 4075 746 4124 δι
760 4073 837 4143 galeis
850 4076 875 4126 dt
890 4073 987 4126 barchis
1003 4084 1082 4140 erant,
1101 4073 1184 4142 ignem
1197 4073 1221 4125 dr
1234 4071 1280 4124 sul-

255 4155 335 4208 furem
356 4155 485 4206 accensum
505 4153 661 4224 proiecerunt
678 4155 814 4222 &partem
832 4171 917 4205 earum
936 4151 1130 4206 combuss'erunt.
1153 4183 1185 4191 —
1207 4171 1219 4219 5
1239 4153 1277 4206 M.

256 4235 369 4305 pedibus.
390 4263 422 4273 -
439 4235 493 4285 6P.
512 4236 546 4286 dr.
560 4251 623 4296 —7
641 4236 678 4286 M.
692 4249 736 4285 orn.
757 4249 852 4284 manus.
873 4263 904 4274 -
925 4241 939 4284 8
956 4235 981 4286 P.
996 4235 1077 4286 letata
1090 4250 1161 4300 voce,
1174 4234 1280 4286 omittens

256 4315 365 4367 letantes
380 4332 476 4369 manus.
493 4345 528 4354 —
540 4333 556 4382 9
570 4316 598 4368 P.
612 4331 658 4368 ont.
672 4344 707 4354 -
722 4333 754 4366 10
766 4315 793 4367 P.
808 4331 853 4367 on.
869 4315 934 4383 Pag.
948 4315 972 4366 dt
986 4315 1050 4366 Satr.
