3688 5640
475 545 525 600 oe
551 543 848 600 rurotcacroua
871 547 896 600 s.
922 543 1060 600 crtucrs.
1257 547 1281 619 7

307 767 385 835 stem
400 797 409 834 ι
428 758 575 850 Genesis,
592 782 642 832 xv
659 763 815 858 (13-18),
829 759 952 834 dietum
964 761 1009 834 est
1023 765 1178 834 «mbram
1193 764 1282 858 dse-

256 877 333 941 mr'rri
349 897 400 940 ruo
414 883 423 916 ¹
442 871 579 962 subsedia
588 873 732 962 seruituti
740 901 751 936 .·
770 895 874 960 quarta
889 874 1084 962 generatione
1099 896 1282 942 reverntnrur

256 981 323 1066 stuc,
342 1007 361 1038 o
389 976 465 1070 quia
492 973 635 1070 quedam
665 975 725 1046 fuit
749 975 934 1072 generacio,
962 999 1023 1046 nec
1046 973 1088 1046 de
1115 976 1196 1066 viro,
1220 1001 1282 1048 nec

257 1079 299 1152 de
312 1081 445 1173 femina,
458 1105 494 1151 ut
510 1079 596 1168 nde,
616 1079 759 1176 quedam
776 1080 817 1152 de
830 1083 900 1154 viro
913 1084 948 1152 dt
965 1105 1033 1152 non
1048 1079 1092 1152 de
1107 1081 1237 1172 femina,
1246 1107 1282 1154 ut

255 1189 328 1278 Eue,
347 1187 491 1283 quedam
515 1191 549 1258 δι
566 1185 608 1258 de
625 1189 696 1258 viro
710 1191 745 1259 dt
765 1186 806 1258 de
824 1187 955 1276 semina,
973 1213 1009 1258 ut
1024 1187 1207 1279 hominum,
1225 1192 1281 1285 qui

256 1293 361 1366 modo
377 1295 459 1384 sunt,
477 1291 619 1388 quedam
633 1291 674 1364 de
688 1294 809 1366 semina
822 1299 856 1366 &
869 1321 937 1366 non
951 1294 993 1366 de
1005 1299 1087 1386 viro,
1100 1321 1135 1366 ut
1151 1295 1278 1366 Christi.

150 1487 153 1492 Α
256 1403 335 1472 Tres
364 1403 472 1498 primo
498 1403 732 1498 generaciones
755 1404 982 1497 prenominato
1002 1399 1218 1498 precesserunt
1232 1403 1281 1472 in·

241 1510 497 1596 'camacionem
521 1508 554 1578 in
575 1508 742 1580 nativitate
766 1531 876 1578 autem
900 1508 1018 1580 Christi
1043 1508 1282 1580 consummavit

257 1614 347 1686 Deus
365 1639 513 1709 quartam
530 1616 795 1713 generacionem,
817 1617 852 1685 ἃ
871 1611 1063 1710 impoffib'ue
1082 1614 1150 1703 sitit,
1174 1614 1280 1709 plures

256 1717 331 1808 esse,
346 1745 382 1791 ut
395 1745 495 1816 patet,
508 1749 565 1819 per
579 1717 876 1816 quadrimembrem
890 1718 1079 1793 divisionem
1089 1717 1280 1817 predictam.

27 1853 50 1898 13
65 1852 141 1912 ειη
153 1869 175 1911 a,
187 1866 207 1898 e.
219 1865 242 1899 ι.
256 1825 472 1922 Completum
489 1828 533 1898 est
548 1829 658 1924 igitur,
680 1825 771 1922 quod
793 1825 918 1898 dietum
936 1826 992 1898 estr
1018 1858 1036 1890 ιι
1058 1831 1175 1921 Quarta
1189 1855 1280 1922 gene-

254 1939 375 2002 racione
396 1959 578 2005 revertuntur
596 1941 670 2023 hur,
691 1965 709 1998 u
729 1935 804 2028 quia
828 1933 971 2004 Christus
999 1931 1145 2004 liberavit
1170 1933 1279 2006 semen

255 2036 385 2110 Abrahe
401 2065 421 2108 a
439 2040 596 2111 seruitute.
615 2045 715 2110 stem:
733 2039 803 2137 Qti
827 2037 884 2110 stbi
905 2041 1033 2130 minuit,
1063 2065 1098 2110 ut
1116 2040 1243 2112 sanetur
1259 2067 1280 2112 a

255 2143 381 2235 dolore,
393 2171 462 2218 non
476 2146 612 2217 extrahit
627 2147 819 2244 sanguinem
832 2172 852 2216 a
863 2146 940 2216 loco
953 2145 1096 2234 infirmo,
1104 2144 1159 2218 sed
1170 2173 1188 2216 a
1201 2147 1279 2218 loco

254 2247 346 2342 sano,
365 2249 406 2322 fic
423 2251 565 2326 humana
583 2277 709 2344 natura,
726 2277 801 2322 cum
817 2251 946 2323 infirma
959 2249 1045 2342 esset,
1059 2277 1129 2323 non
1145 2254 1280 2326 extraxit

256 2353 445 2452 sanguinem
462 2387 483 2430 a
495 2359 573 2430 ioco
591 2359 733 2449 infirmo,
752 2385 788 2430 ut
801 2360 974 2449 sanaretur,
985 2357 1039 2428 sed
1056 2385 1076 2429 a
1091 2357 1169 2430 loco
1188 2360 1279 2448 sano,

256 2460 374 2534 scilicet
391 2491 410 2534 a
427 2490 566 2563 corpore
586 2467 671 2538 lhesu
685 2465 802 2539 Christi
815 2467 848 2536 in
863 2491 969 2554 cruce,
988 2463 1077 2560 quod
1094 2465 1208 2536 sanum
1221 2465 1280 2536 fuit

256 2570 292 2638 δι
308 2569 502 2642 munduma
515 2575 666 2669 peccatis,
681 2577 715 2645 dt
732 2570 774 2642 fic
790 2569 1007 2644 mundabatur
1018 2597 1037 2641 a
1050 2573 1192 2666 peccatis
1210 2574 1244 2642 ἃ
1260 2597 1279 2642 a

257 2699 363 2746 morte
382 2701 492 2749 eterna
508 2704 611 2775 genus
628 2679 819 2768 humanum,
837 2677 924 2749 unde
943 2678 1111 2767 lohannes,
1124 2679 1157 2748 in
1170 2679 1279 2774 primo

257 2777 1276 2880 ca[pite]‚²‹rsonguissstesuChristimutusurnorabomm'peccarou

257 2887 290 2978 (1
315 2889 441 2974 suanm,
461 2908 486 2979 1,
502 2897 551 2986 7).

46 3009 208 3073 nesrac.
221 3025 241 3060 1.
305 2995 409 3064 item:
435 2995 490 3065 Per
514 2995 619 3066 virum
644 2997 680 3064 δι
700 2994 867 3066 mulierem
890 2993 1000 3066 Adam
1025 2999 1059 3067 δι
1078 2996 1175 3068 Evam
1191 3021 1279 3067 mors

254 3099 383 3170 intravit
398 3100 432 3170 in
452 3125 572 3172 ameno
588 3101 678 3191 loco,
695 3101 833 3198 pulchro
848 3105 884 3172 ἀ
900 3100 1091 3194 deleciab'di
1110 3103 1227 3174 scilicet
1245 3103 1279 3176 in

256 3201 418 3299 paradiso,
444 3203 487 3276 src
502 3233 521 3277 e
538 3208 701 3278 contrario
718 3233 777 3304 pet
793 3208 899 3278 virum
914 3211 949 3279 dt
965 3208 1144 3300 mulierem,
1161 3207 1280 3280 scilicet

256 3309 420 3382 Christum
441 3315 476 3383 δι
497 3313 644 3402 Mariam,
671 3315 737 3384 vita
763 3315 796 3384 in
817 3313 895 3384 loco
920 3311 1057 3404 tedioso‚
1081 3313 1280 3386 deformi&

255 3414 422 3508 horribili3
439 3419 535 3489 item:
554 3445 642 3490 mors
658 3420 692 3490 in
716 3419 808 3517 ligno
827 3419 976 3516 pulchro,
993 3422 1109 3494 vitain
1125 3421 1230 3519 signo,
1245 3419 1279 3492 id

256 3521 300 3594 est
315 3524 350 3594 in
364 3547 459 3594 cruce
472 3521 629 3616 deformi3
646 3527 743 3597 itemz
757 3551 846 3596 mors
862 3526 946 3599 insra
960 3524 1120 3598 ambitum
1132 3525 1279 3624 paradis,

254 3627 320 3699 vita
337 3653 426 3702 extra
440 3631 550 3719 castra,
569 3629 656 3702 unde
673 3630 716 3702 ad
734 3629 884 3704 Hebreos
902 3633 1030 3726 ultimo,
1050 3664 1068 3696 α
1078 3639 1223 3705 Execratus
1239 3637 1280 3704 ad

254 3761 318 3804 eum
336 3762 418 3806 extra
444 3743 567 3829 castrum
600 3743 812 3833 improperium
833 3745 898 3810 et'rrs
913 3767 1087 3834 portantem
1114 3767 1171 3810 non
1200 3747 1278 3811 enim

255 3843 394 3912 studemus
406 3869 569 3914 manentem
585 3849 763 3914 civitatem»
777 3842 911 3942 (Hebe,
923 3865 1006 3934 x111,
1028 3863 1065 3942 13
1085 3845 1177 3940 seq.).

303 3949 402 4019 Item:
422 3953 455 4020 ln
481 3948 619 4045 pulchro
634 3949 727 4047 ligno
745 3948 882 4048 paradisi
899 3949 956 4024 sub
973 3951 1072 4050 pallio
1089 3953 1154 4023 uite
1170 3952 1279 4024 occul·

255 4049 383 4125 tabatur
400 4080 500 4145 mors,
513 4057 558 4127 ita
571 4083 589 4127 e
602 4059 767 4128 contrario
784 4060 819 4128 in
830 4057 924 4155 ligno
938 4057 1121 4130 desomti&
1133 4056 1279 4130 horribili

254 4156 310 4230 sub
329 4159 432 4256 pallio
450 4163 565 4233 mortis
576 4159 838 4236 abscondebatur
848 4166 925 4257 vita,
941 4163 1170 4237 srcutetiamin
1184 4189 1278 4237 cruce

292 4327 300 4362 r
316 4311 340 4363 A
353 4311 396 4362 suo
402 4333 410 4378 ς
422 4329 453 4349 -·
469 4331 484 4362 r.
497 4313 520 4364 A
533 4311 613 4384 prima
625 4311 752 4366 canonica.
