3688 5640
601 561 643 646 xij
1006 574 1226 628 nummo.

641 788 707 852 AF
709 789 805 852 risone
818 791 904 872 igitur
922 790 995 852 nobis
1008 804 1162 868 narratur,
1177 788 1273 851 multos
1286 785 1486 874 crucufignotos
1503 809 1523 849 u
1541 786 1625 849 Lou-

600 909 708 967 werze,
719 888 799 972 opud
807 887 980 970 Grone'ngom
987 885 1052 972 stto,
1066 887 1268 965 Dortmudam,
1280 908 1345 967 quae
1356 898 1455 969 portus
1465 886 1503 966 est
1512 884 1626 966 Angla

600 983 799 1062 celeberrimus,
816 987 948 1068 profettos
959 983 1064 1068 suiffe,
1085 985 1174 1064 ibique
1189 982 1357 1046 Guilelmum
1371 983 1403 1044 de
1417 979 1578 1044 Hellandia
1590 981 1625 1042 ὕ

602 1079 752 1162 Georgium
766 1083 798 1143 de
815 1083 861 1144 W
857 1083 903 1144 iod
913 1083 1016 1144 comites
1033 1079 1178 1163 inveniffe.
1206 1079 1286 1142 Unde
1308 1080 1354 1142 cla
1374 1101 1398 1142 ts
1412 1078 1625 1160 peregrinorum

599 1191 766 1259 congregato
780 1177 861 1255 exit,¹
875 1177 933 1263 sed,
947 1177 1108 1261 tempestate,
1123 1197 1144 1237 v
1158 1177 1200 1238 die
1214 1176 1277 1257 iulij
1290 1190 1396 1253 exorta,
1410 1177 1451 1238 ad
1462 1175 1537 1236 lium
1550 1173 1625 1237 Bre-

599 1275 679 1335 tonia
689 1275 772 1337 nauis
779 1276 907 1354 quadam
909 1274 1067 1358 frangitur
1071 1305 1084 1346 ,·
1091 1273 1279 1356 naufragium
1286 1271 1433 1357 oeropoffl
1439 1296 1457 1334 o
1468 1270 1625 1358 marteser-

598 1384 742 1432 uontur.²
760 1370 869 1432 Deinde
888 1382 981 1432 auctor
995 1371 1092 1454 noster,
1106 1371 1137 1431 in
1158 1368 1310 1434 Guilelmi
1332 1369 1454 1431 comitis
1475 1365 1625 1429 clufficula

598 1466 737 1545 versatus,
761 1481 878 1546 narrat,
896 1489 958 1548 qua
973 1467 1117 1548 peregrini
1134 1467 1334 1550 tempestatibus
1350 1465 1424 1550 poffl
1432 1465 1566 1550 sutffent,
1590 1463 1625 1523 ὕ

598 1563 694 1626 multos
707 1577 852 1626 enumerat
859 1577 966 1647 portus,
976 1585 1092 1644 quorum
1106 1565 1216 1626 nomina
1229 1564 1258 1624 in
1270 1562 1442 1624 Annalibus
1453 1558 1625 1624 Colonien-

597 1659 675 1722 srbus
688 1660 812 1744 frustra
832 1673 1009 1741 quaruntur,
1027 1683 1144 1740 quorum
1159 1668 1265 1738 auctor,
1287 1657 1460 1740 Georgium
1476 1657 1623 1719 comitem

598 1755 749 1839 sequutus,
762 1757 820 1819 iom
837 1757 870 1837 xj
887 1757 930 1818 die
947 1757 1019 1837 iunij
1040 1755 1217 1818 Ulixibonom
1239 1757 1325 1833 uenit,
1338 1777 1390 1836 quo
1407 1752 1433 1816 F
1434 1753 1491 1816 riso
1509 1754 1560 1816 triu
1581 1755 1624 1817 die

596 1853 668 1934 iunrj
681 1853 813 1942 appulsus
827 1854 872 1930 est.
893 1851 953 1914 Hic
972 1853 1045 1915 illus
1060 1853 1137 1916 urbis
1150 1851 1359 1936 topograpln'om
1371 1851 1485 1933 profert
1502 1852 1527 1912 ei
1535 1849 1623 1931 fimel-

598 1949 702 2028 limam,
714 1951 809 2032 quain
819 1948 990 2012 Annalibus
1000 1949 1232 2013 Coloniensrbus
1241 1950 1275 2010 Εἰ
1285 1947 1387 2014 Gestis
1395 1948 1622 2029 crucigerorum

596 2046 748 2123 invenitur,
759 2046 818 2133 sed
825 2045 899 2130 solus
913 2054 1010 2107 oneror
1024 2047 1111 2129 noster
1125 2060 1241 2124 narrat,
1261 2047 1318 2108 iam
1333 2067 1405 2108 anno
1426 2041 1531 2106 MCX
1528 2041 1554 2104 L
1561 2040 1592 2106 V
1589 2039 1626 2103 ll

570 2167 583 2192 *-
602 2142 756 2224 Ulvingom
769 2141 932 2224 Poptetum3
949 2165 1010 2204 cum
1027 2145 1166 2224 armigero
1169 2143 1226 2231 suo
1236 2144 1265 2203 in
1281 2141 1449 2224 Portugalia
1464 2163 1508 2204 res
1518 2139 1622 2221 egregie

592 2238 842 2325 geffiffequendam
853 2241 887 2300 ὕ
894 2251 1032 2302 mortuum
1041 2241 1145 2302 nomine
1155 2239 1195 2301 H
1193 2241 1325 2318 enricum,
1330 2239 1453 2321 catalogo
1459 2235 1622 2324 summorum

597 2337 768 2426 adscriptum
771 2337 875 2421 fueffe
891 2337 989 2420 Neque
1000 2352 1090 2400 tomen
1102 2335 1127 2399 F
1129 2337 1186 2398 riso
1197 2337 1296 2419 refert,
1305 2334 1505 2421 crucufignatos
1516 2359 1535 2397 a
1547 2335 1621 2397 Por·

596 2434 711 2517 tugaliae
727 2435 820 2498 incolis
840 2437 874 2497 δι’
888 2458 960 2516 rege,
982 2449 1013 2496 ut
1025 2434 1164 2516 castellum
1179 2432 1310 2496 Allazor
1325 2431 1474 2518 obsiderent
1486 2433 1520 2494 [¹5
1536 2446 1622 2515 expu-

591 2544 724 2613 gnarent,
739 2532 993 2618 admmitossuiffe,
1014 2531 1107 2618 eosque
1125 2529 1279 2592 Uliuibonae
1299 2529 1446 2593 hiemantes
1459 2529 1572 2592 delicate
1586 2529 1621 2591 ὅ

596 2628 736 2714 luxuriose
748 2627 859 2712 vixiffe,
874 2651 937 2709 qua
951 2628 1041 2690 omniu
1056 2651 1074 2689 o
1093 2624 1270 2690 Coloniensi
1284 2627 1318 2686 Εἴ
1332 2624 1483 2687 Rhenano
1498 2648 1620 2688 occura-

595 2725 648 2788 tius
661 2738 833 2787 narrantur.
854 2724 882 2786 E
894 2737 991 2786 contra
1010 2723 1136 2785 certiores
1149 2721 1281 2805 nossoce't
1293 2722 1325 2783 de
1338 2721 1380 2799 iis,
1393 2743 1457 2802 quae
1467 2723 1620 2804 peregrim,

593 2821 671 2906 sociis
685 2823 725 2884 ael
736 2821 884 2884 Allozori
900 2821 1039 2905 rostellum
1054 2819 1224 2905 obsidendum
1239 2817 1451 2897 remanentibus,
1470 2817 1620 2882 Ulixibono

592 2919 719 3002 preveat
741 2918 915 3002 gofferint.4
941 2916 1156 2982 Coloniensem
1179 2915 1266 3000 igitur
1289 2917 1322 2977 Εἴ
1344 2915 1537 2995 Rhenanurn,
1558 2939 1619 2979 cum

634 3141 643 3172 ι
661 3120 783 3173 oliverius
796 3121 837 3190 (p.
855 3122 937 3186 ¹40¹)
956 3130 1048 3183 narrat,
1063 3137 1077 3172 e
1172 3141 1190 3186 4
1202 3121 1333 3174 Rhenanus
1345 3133 1437 3186 narret,
1451 3121 1497 3173 hos
1509 3119 1618 3189 peregri-

595 3199 722 3271 provinciu
731 3200 871 3254 Colonienfi
885 3200 936 3252 fere
947 3216 993 3252 cco
1001 3217 1075 3252 naues

594 3279 666 3333 luill'e
675 3279 806 3350 proselireu
816 3279 923 3332 Annales
933 3279 1011 3334 Colon.
1023 3297 1075 3330 ma·

592 3359 665 3425 ocimi,
674 3365 732 3426 829,
746 3359 955 3424 memorantem,
968 3377 1074 3429 quarum

594 3439 666 3492 clxxx
692 3439 717 3490 in
750 3439 897 3508 portugalia
927 3437 1074 3504 remansrll'e,

593 3519 654 3571 dum
667 3517 713 3586 cxij
723 3519 811 3587 (Eme),
821 3537 846 3586 p.
859 3521 911 3586 59),
924 3519 991 3571 nulla
1003 3535 1074 3570 mora

594 3599 669 3665 iulia,
682 3599 887 3668 proveherentur.

629 3697 644 3729 ι
659 3681 734 3730 Hanc
743 3695 830 3730 navem
845 3675 916 3729 fiune
927 3697 937 3724 e
950 3677 982 3728 de
996 3679 1074 3730 Mun-

593 3757 659 3810 heim
675 3777 685 3806 ι
705 3756 753 3809 live
768 3755 917 3820 munuum,
936 3755 1073 3824 Colonienfis

594 3837 756 3888 uniemur
770 3835 891 3888 nuntiant.

631 3933 643 3979 3
670 3917 710 3968 De
735 3915 847 3968 fabuloso
873 3913 915 3966 illo
943 3913 1073 3966 Frilonum

593 3997 668 4048 heroi
695 3994 828 4047 conferase
855 3995 926 4060 Gella
950 3993 1074 4060 Frisonum

594 4074 709 4143 (Werkeu
733 4074 880 4142 uitgegeven
893 4076 951 4127 door
963 4073 1073 4152 ,Friefffl

593 4153 764 4222 Gfflmsmlle
787 4153 877 4222 1837),
900 4171 924 4224 P·
951 4153 1073 4218 sig‘llot

594 4235 617 4286 δι
639 4233 710 4302 Gejla
731 4231 857 4299 Fresonum
875 4233 960 4302 (ibid,
984 4233 1073 4300 1853),

593 4329 618 4382 Ρ·
631 4327 690 4378 ²9³·

1137 3217 1192 3266 nos,
1206 3201 1336 3270 postquam
1353 3203 1377 3254 in
1388 3197 1619 3266 ltruahiemaffenr,

1136 3281 1193 3332 xxiv
1206 3281 1247 3332 die
1269 3281 1351 3350 aprilio
1368 3281 1400 3333 ad
1419 3283 1505 3333 urbem
1525 3281 1618 3332 Accon

1136 3360 1249 3428 appulsos
1264 3359 1347 3429 fuine,
1367 3363 1391 3412 le
1410 3362 1518 3412 Iacobus
1532 3359 1564 3411 de
1577 3357 1618 3409 V·

1136 3441 1214 3492 triaco
1227 3439 1323 3508 (Epist,
1345 3457 1364 3502 1,
1384 3440 1449 3508 ²90)
1463 3450 1548 3508 aperte
1561 3437 1618 3489 nol·

1135 3532 1187 3570 tros
1220 3518 1337 3588 intelligit
1366 3519 1470 3582 dicens,
1500 3516 1615 3570 Frisones

1135 3614 1193 3650 cum
1209 3598 1385 3668 lcoggonibus
1413 3615 1490 3650 «non
1512 3596 1618 3648 multum

1136 3676 1189 3746 post
1209 3677 1323 3745 pascha»
1345 3677 1400 3747 (xiv
1417 3677 1457 3728 die
1469 3675 1555 3746 april.)
1573 3675 1619 3728 ud-

1134 3755 1234 3809 venilse.
1250 3759 1290 3810 Ex
1304 3758 1333 3810 iis
1343 3775 1403 3810 vero
1413 3754 1559 3826 peregrinis,
1574 3755 1618 3824 qui

1135 3835 1159 3888 in
1185 3836 1334 3906 Portugulia
1359 3835 1536 3900 remanserunt,
1564 3835 1618 3904 plu·

1134 3913 1189 3968 rimi
1197 3917 1255 3968 :otiu
1263 3917 1304 3970 die
1314 3917 1371 3984 maij
1382 3917 1406 3968 in
1420 3917 1529 3968 Terram
1543 3919 1618 3968 Suno-

1135 4007 1187 4047 tnm
1208 4007 1327 4048 venerunt
1346 4013 1403 4048 cum
1421 3995 1480 4062 xxiij
1501 3995 1617 4063 neubon,

1134 4091 1176 4126 eoo
1202 4075 1268 4128 enim
1290 4075 1350 4141 xxiij
1373 4075 1413 4128 die
1433 4074 1517 4143 aprilis
1535 4073 1617 4127 adhuc

1133 4153 1158 4206 in
1171 4154 1251 4207 Sicilia
1263 4154 1372 4206 versutos
1384 4152 1465 4219 inille,
1483 4155 1562 4223 probe
1573 4153 1618 4206 soi-

1134 4250 1188 4286 mue
1211 4235 1296 4304 (Gesta
1315 4233 1416 4302 crucig,
1440 4233 1541 4302 38·39).
1566 4235 1617 4286 Hae

1133 4329 1193 4366 vero
1217 4313 1443 4384 crucefignetorum
1466 4329 1543 4366 nure·
1565 4329 1615 4366 non
