3694 5626
541 532 591 584 nn
616 531 775 586 rrrrtutus
799 531 998 586 rsusouust.
1231 511 1275 611 63

257 753 445 852 allegantes,
481 751 560 824 illud
584 755 749 852 precipue,
775 751 867 848 quod
899 751 1042 824 domnus
1072 755 1276 828 Innocentius
1290 777 1349 825 ¹2¹7

259 862 293 932 in
318 860 460 932 concilio
487 883 664 960 negaverat
687 859 745 959 ipsr
770 860 928 957 episcopo
944 861 1079 956 petenti,
1103 860 1199 933 licere
1219 887 1276 958 pe·

149 997 173 1040 r·
186 979 243 1038 4⁸0·
258 969 404 1064 regrinos
443 969 477 1037 in
509 967 680 1064 ‘Hispania
712 966 856 1057 detineri,
893 965 935 1038 de
973 965 1118 1038 vindic‘la
1147 963 1277 1038 ecclesie

259 1070 382 1144 docens
411 1071 633 1146 inchoandum
662 1100 682 1144 a
709 1075 823 1170 capite.
858 1072 970 1144 Diviso
1000 1074 1097 1170 igitur
1127 1075 1276 1162 exercitu,

257 1183 370 1276 quinta
398 1180 476 1252 feria
505 1180 576 1276 post
612 1177 698 1250 beati
728 1177 835 1250 lacobi
864 1179 977 1250 sellum
1009 1177 1101 1250 simul
1130 1207 1150 1252 a
1179 1205 1276 1276 portu
1290 1198 1377 1260 raray.

256 1289 423 1378 exivimus,
453 1285 562 1356 media
584 1309 676 1383 parte
700 1287 832 1358 navium
857 1285 964 1358 versus
991 1309 1108 1358 tertam
1132 1287 1276 1358 sanslam

241 1393 421 1483 tendente,
443 1394 555 1464 ceteris
577 1391 620 1463 ad
636 1389 892 1491 expugnandam
907 1390 1022 1464 urbem
1038 1393 1139 1465 Alcaz
1157 1419 1275 1491 prope·

255 1499 408 1572 rantibus.
435 1501 506 1572 Nos
524 1527 634 1574 autem
650 1499 729 1572 urbe
748 1527 768 1570 a
784 1497 907 1570 sinistris
924 1500 1044 1590 relicta,
1061 1524 1159 1597 caput
1174 1502 1276 1572 sansli

254 1604 418 1699 Vincentij
433 1609 467 1679 dt
480 1631 579 1705 caput
593 1603 634 1678 de
646 1607 742 1694 Sacis,
760 1605 864 1680 Alvor
882 1631 1015 1702 quoque
1027 1608 1061 1678 &
1073 1605 1164 1680 Silvis
1181 1605 1275 1678 urbes

255 1736 366 1808 captas
384 1713 555 1808 quondam
571 1740 591 1785 a
609 1713 732 1804 nostris,
751 1711 909 1784 Almadra
926 1716 1110 1808 quoque&
1121 1711 1276 1785 Albufere

255 1819 355 1890 castra
373 1819 468 1892 fortia
488 1821 753 1917 pertranseuntes,
774 1818 818 1890 ad
834 1819 942 1890 levam
956 1844 1031 1890 ante
1048 1843 1181 1917 portum
1198 1822 1273 1892 civi·
1370 1851 1373 1858 ¹

171 1955 240 2004 ιη.
255 1927 326 1996 tatis
344 1953 407 2024 que
427 1927 598 2023 quondam
615 1928 732 1999 Sausia
748 1926 860 2014 Maria,
883 1951 970 1997 nunc
988 1928 1127 1998 1Ηαίτίιι
1144 1926 1270 2015 dicitur,

254 2035 356 2104 ventis
381 2031 565 2106 fallentibus
589 2032 747 2104 anchoras
767 2033 963 2129 proiecimus
988 2030 1030 2104 de
1054 2031 1190 2106 navibus
1208 2053 1272 2133 353

252 2137 363 2236 ibique
387 2145 521 2211 nodlem
544 2165 687 2238 agentes,
713 2165 810 2211 mane
834 2139 938 2210 socios
962 2144 1061 2212 noete
1078 2139 1233 2237 dispulsos
1253 2169 1272 2214 a

251 2244 347 2316 nobis
365 2249 528 2319 venientes
540 2261 554 2293 ²
565 2247 621 2318 leti
636 2247 842 2342 suscepimus,
852 2243 1008 2342 fimulque
1024 2272 1100 2318 cum
1115 2245 1188 2345 ipfis
1200 2247 1272 2320 vela

250 2352 406 2443 levantes,
432 2352 512 2424 dum
536 2351 713 2449 procedere
742 2376 985 2449 temptaremus,
1014 2351 1119 2424 subito
1136 2377 1219 2426 voto
1236 2357 1272 2425 dt

250 2481 351 2531 vento
364 2457 503 2530 fraudati
519 2459 621 2530 rursus
634 2483 735 2530 uncos
753 2459 871 2530 harene
888 2458 1044 2530 mandare
1060 2459 1269 2558 cogebamur.

250 2563 320 2636 Nec
333 2591 427 2636 mora
440 2563 618 2637 minoribus
634 2565 677 2636 ad
690 2591 808 2638 terram
819 2567 956 2663 navigiis
969 2563 1108 2656 advecti,
1122 2565 1175 2640 die
1188 2567 1269 2641 obst·

250 2670 359 2742 denda
369 2673 497 2744 civitate
506 2670 637 2744 consilia
643 2672 878 2746 ventilavimus.
887 2671 1025 2746 Diversis
1032 2675 1140 2770 itaque
1148 2672 1270 2748 diversa

249 2776 466 2868 sentientibus,
479 2777 592 2852 divino
606 2780 714 2876 spiritu
727 2805 788 2852 nec
802 2779 868 2850 scio
881 2805 923 2850 an
936 2779 994 2850 suo
1005 2781 1129 2877 impetu
1143 2779 1269 2854 inflam-

249 2887 328 2956 mati
344 2886 429 2956 circa
445 2885 615 2983 vesperum
631 2886 771 2958 frisones
786 2883 876 2984 signa
891 2885 1034 2959 levantes
1051 2886 1095 2958 ad
1112 2888 1219 2960 celum
1234 2893 1270 2962 dt

247 2987 377 3062 beatam
385 2991 554 3089 Virginem
568 2994 601 3063 'm
615 2990 888 3064 subfidiumsuum
901 3018 977 3064 cum
990 2997 1119 3065 cantico
1131 2997 1269 3068 invitan-

248 3121 304 3190 tes,
317 3111 329 3158 ³
341 3097 445 3169 hostes
464 3095 632 3195 disposrtos
649 3101 682 3170 in
703 3101 828 3196 campis
844 3101 879 3171 dt
896 3097 1009 3171 urbem
1025 3099 1177 3174 audadler
1196 3101 1269 3174 inst·

246 3203 338 3293 liunt,
353 3203 524 3300 statimque
541 3201 682 3274 hostibus
699 3205 732 3274 in
751 3205 863 3301 lugam
881 3203 1051 3296 converfis,
1069 3206 1149 3279 dum
1166 3212 1268 3306 portis

249 3309 473 3407 appropriant,
486 3311 696 3382 Sarracenum
708 3336 767 3408 per
779 3337 910 3382 murum
919 3309 1169 3386 descendentem
1188 3341 1267 3388 con·

245 3415 391 3510 spiciunt.
421 3416 502 3514 Quo
528 3416 635 3488 statim
660 3417 831 3488 interfedo
860 3416 993 3513 quidam
1009 3419 1091 3490 Friso
1116 3422 1268 3520 sagittam

245 3521 365 3614 iniecit,
385 3525 421 3593 dt
437 3520 557 3592 eodem
575 3523 653 3594 fune
666 3523 893 3596 transcendens
905 3551 1046 3620 murum,
1062 3527 1216 3600 vexillum
1232 3529 1266 3598 in

246 3628 322 3698 turri
330 3625 457 3699 sublimi
466 3626 624 3724 deposuit,
636 3631 803 3726 portisque
815 3633 932 3729 apertis
941 3633 1046 3704 socios
1054 3636 1184 3730 recepit.
1197 3635 1266 3732 Qui

244 3755 314 3804 tota
327 3737 425 3804 nodie
444 3734 551 3830 spoliis
572 3734 786 3827 intendentes,
804 3763 901 3810 mane
913 3737 1143 3810 succendentes
1156 3741 1265 3813 civita·

243 3861 321 3928 tem,
334 3839 472 3912 multam
480 3837 615 3912 navibus
625 3839 761 3938 predam
772 3845 1066 3918 invexeruntlicet
1077 3869 1186 3917 autem
1198 3871 1265 3920 nort

242 3943 295 4016 illa
313 3944 451 4020 nubibus
473 3949 548 4020 atris
566 3945 687 4020 restillet
703 3949 823 4042 celum,
843 3951 937 4021 multi
953 3974 1063 4022 tamen
1075 3953 1264 4050 ymaginem
1350 3975 1352 3982 “

264 4217 272 4247 ι
283 4199 321 4252 Bit
331 4199 454 4253 inas-a
464 4203 503 4254 Sic
511 4203 587 4268 ΗΜ.
599 4204 719 4254 veniente.
774 4207 828 4274 ſsu
839 4203 907 4260 lt'm
915 4204 1071 4274 precedentis
1084 4205 1158 4276 trafit
1170 4204 1196 4258 in
1209 4209 1239 4260 A.

243 4305 274 4318 -
288 4279 494 4347 3Tantessoluat
506 4283 592 4351 exstat,
602 4281 721 4336 ceteruia
