3694 5626
577 488 644 564 126
863 505 1288 566 rouasntnsunrstutn

499 753 559 808 ηις
570 722 782 798 nisicasnelos
800 730 835 800 &
854 728 932 800 alius
942 727 1055 801 bestias
1072 729 1166 822 solas,
1183 731 1218 802 ἀ
1234 745 1317 802 unus
1333 730 1479 828 Paganus
1495 753 1592 804 voca*

569 833 618 902 vit
633 833 759 904 nostros
775 837 810 905 dt
824 832 922 907 diruit:
956 837 1071 922 Venite,
1096 841 1167 928 quia
1188 835 1312 931 Pagont‘
1320 842 1435 932 fugam
1457 859 1592 932 ceperunt

568 937 601 1008 ἃ
617 962 751 1036 εαιημιπι
766 967 833 1011 cum
851 945 986 1012 erunibus
1002 945 1088 1012 bouis
1102 945 1304 1036 dimiserunt!

617 1043 702 1120 XVI.
718 1047 814 1119 Tunc
831 1047 986 1120 intellexit
1007 1046 1192 1119 christianus
1209 1049 1376 1139 exercitus,
1398 1045 1489 1142 quod
1506 1047 1590 1120 Cro·

568 1151 680 1224 cffixus
698 1149 827 1224 mifislet
847 1154 921 1224 suos
943 1153 1058 1225 milites
1084 1152 1128 1224 ad
1150 1151 1409 1252 expugnandum
1425 1153 1509 1245 illos,
1536 1155 1592 1250 ori

567 1280 638 1331 non
662 1258 869 1332 crediderunt
887 1263 922 1331 in
941 1285 1028 1352 eum,
1051 1263 1086 1332 ἀ
1109 1259 1281 1332 Christiani
1305 1257 1502 1350 transerunt,
1526 1260 1591 1332 lau·

458 1382 554 1446 Febr-s.
568 1363 682 1438 dantes
705 1366 869 1438 Christum
892 1369 928 1438 ἃ
948 1369 1080 1440 Beatam
1097 1367 1297 1465 Agatlrem,¹
1320 1368 1355 1439 in
1374 1392 1441 1463 quo
1458 1365 1512 1438 die
1528 1367 1592 1438 lrot

567 1473 638 1564 fuit,
654 1475 690 1544 δι
708 1471 801 1544 multi
817 1473 993 1564 sarraceni,
1018 1475 1075 1570 qui
1095 1474 1210 1573 fugam
1227 1475 1417 1566 nescierunt,
1434 1474 1592 1546 intersosli

567 1581 708 1670 suerunt,
734 1581 769 1650 dt
792 1601 880 1649 totus
904 1581 1059 1652 exercitus
1076 1581 1183 1652 noster
1201 1605 1373 1654 renovatus
1389 1580 1433 1652 est
1450 1580 1591 1677 aspoliis

566 1710 694 1774 eorum,
718 1686 754 1756 δι
774 1683 928 1756 dominus
949 1684 1074 1784 legatus
1091 1689 1237 1784 precepit
1253 1684 1409 1758 fossatum
1427 1688 1513 1758 circa
1532 1711 1591 1756 nos
1604 1702 1619 1750 f.
1634 1716 1661 1764 ³¹
1675 1704 1700 1750 b.

566 1789 756 1863 faciendum
772 1793 807 1861 δι
824 1815 964 1887 pontem
986 1793 1021 1862 in
1038 1789 1182 1885 flumine,
1209 1797 1245 1866 δι
1267 1791 1309 1864 stc
1326 1791 1528 1864 circumdata
1549 1791 1592 1864 ess

566 1897 732 1989 Damiata,
750 1897 843 1994 quod
858 1923 919 1970 nec
935 1900 1031 1986 exire,
1050 1923 1112 1972 nec
1128 1902 1246 1972 inrraoe
1259 1925 1359 1972 nono
1375 1923 1515 1994 poterat.

613 2002 678 2075 XV
679 2007 917 2104 n-soatisque,
940 2005 1032 2102 quod
1057 2003 1099 2077 de
1116 2002 1263 2077 biscoelo
1277 2007 1313 2076 dt
1330 2003 1372 2076 de
1388 2001 1482 2075 lardo
1500 2007 1535 2076 dt
1550 2002 1592 2076 de

565 2106 634 2178 aliis
648 2109 839 2184 vidualibus
851 2111 1080 2186 habundancia
1093 2112 1153 2184 suit
1164 2113 1199 2184 in
1213 2113 1363 2200 exercitu,
1382 2109 1438 2182 sed
1452 2110 1495 2183 de
1507 2135 1591 2208 pane

565 2218 736 2288 recenti&
752 2217 794 2290 de
818 2245 917 2292 corne
932 2222 968 2291 δι
984 2217 1027 2290 de
1044 2220 1123 2292 vino
1140 2219 1289 2290 carencia
1314 2217 1374 2289 suit
1390 2217 1473 2306 talis,
1500 2216 1590 2313 quod

565 2348 647 2394 unus
662 2324 743 2395 aries
755 2349 962 2423 comparatus
979 2325 1071 2398 suitur
1083 2326 1194 2397 uncias
1207 2325 1333 2422 argenti
1345 2327 1380 2396 ἀ
1395 2323 1518 2422 gallina
1530 2341 1591 2394 tres

564 2425 719 2500 bisantios
736 2433 771 2502 dt
788 2457 891 2504 unum
907 2456 1007 2506 ovum
1019 2433 1042 2523 ij
1060 2431 1200 2524 solidos3
1219 2429 1356 2503 devino
1373 2455 1443 2502 non
1460 2425 1591 2526 possum

565 2533 660 2608 vobis
675 2561 831 2609 enarrare.

457 2679 504 2712 er.
515 2678 553 2713 so
612 2641 676 2714 XV
678 2646 722 2714 lll.
741 2642 776 2714 Et
790 2644 864 2741 post
876 2643 1021 2740 spacium
1037 2641 1226 2740 quindecim
1243 2640 1371 2713 dierum
1389 2637 1541 2712 soldanus
1556 2641 1591 2712 ἃ

565 2746 753 2826 Coradinus
780 2771 947 2824 venerunt.
978 2751 1074 2822 Tunc
1098 2747 1253 2846 superbus
1277 2744 1465 2820 Cotadinus
1495 2745 1590 2819 dixitz

566 2862 597 2930 0
614 2861 779 2948 Csrrt'flt'uut'
795 2883 868 2952 ergo
885 2883 937 2928 out
954 2882 1081 2951 oportet,
1098 2883 1153 2928 uos
1174 2859 1345 2928 mahumet
1361 2879 1472 2948 negare
1488 2855 1520 2924 b
1536 2853 1591 2946 effe

565 2969 765 3058 Christianos,
790 2987 843 3036 out
865 2991 918 3036 vos
945 2967 1093 3057 Christum
1114 2964 1146 3036 st
1169 2965 1226 3056 effe
1252 2967 1407 3057 Pogonus.
1438 2959 1473 3032 lit
1496 2987 1590 3034 tene·

563 3095 638 3144 runt
654 3071 749 3168 super
766 3093 827 3142 nos
844 3069 886 3142 ab
898 3070 953 3142 illa
968 3095 1071 3168 parte,
1089 3067 1146 3142 ubi
1162 3093 1232 3140 non
1249 3091 1318 3141 erar
1330 3065 1485 3139 fossarum
1498 3091 1589 3140 corn·

563 3177 699 3277 pletum,
717 3179 753 3248 dt
770 3179 891 3249 mortui
908 3177 1038 3248 suerunt
1056 3174 1099 3248 de
1116 3177 1250 3274 Paganis
1266 3173 1331 3246 stne
1347 3195 1496 3247 numero.

450 3302 516 3350 Mat.
528 3317 550 3365 9.
611 3285 784 3357 XlX·XXl.
800 3289 938 3354 lntrsnte
950 3283 1067 3354 Martio
1080 3307 1175 3353 nono
1188 3279 1242 3353 die
1253 3282 1343 3354 venit
1356 3279 1545 3352 Coradinus
1556 3282 1590 3351 ἃ

564 3391 659 3464 frater
680 3395 747 3463 eius
773 3389 925 3463 soldanus
949 3411 1026 3461 cum
1051 3410 1122 3460 tota
1137 3409 1236 3487 gente
1261 3411 1378 3460 sorum
1393 3389 1428 3458 &
1446 3387 1591 3458 fecerunt

563 3497 741 3570 tentorium
766 3523 869 3571 unum
896 3520 972 3568 ante
1002 3521 1064 3568 nos
1086 3493 1189 3568 &ibi
1213 3493 1429 3566 comederunt
1454 3493 1590 3592 gallinas

563 3601 644 3676 duas
660 3627 796 3700 propter
811 3605 1060 3694 sacramentum,
1087 3601 1179 3697 quod
1196 3602 1273 3673 fecit
1289 3599 1489 3692 Coradinus,
1515 3601 1591 3698 quia

562 3709 695 3784 volebat
711 3737 787 3782 ante
800 3708 954 3782 fossatum
967 3710 1112 3785 nostrum
1125 3733 1256 3781 manere
1270 3708 1313 3780 ad
1327 3704 1468 3781 dedecus
1482 3706 1590 3779 Chris-

564 3820 740 3904 tianorum,
757 3820 792 3888 &
808 3817 930 3888 mortui
947 3815 1076 3886 suerunt
1092 3839 1132 3886 ex
1147 3815 1209 3886 illis
1226 3815 1329 3886 multi.
1349 3830 1351 3834 '

434 3945 501 3994 Mars
514 3959 549 4008 31.
611 3923 709 3996 XXll.
739 3928 773 3995 ln
794 3921 848 3994 die
874 3947 954 3994 vero
970 3921 1064 3994 Rami
1080 3921 1274 4019 palmarum,
1297 3921 1398 3993 sciens
1419 3919 1589 4008 soldanus,

564 4029 657 4127 quod
672 4028 865 4103 volebamus
877 4029 993 4100 festum
1004 4027 1177 4115 celebrare,
1195 4027 1332 4124 qualiter
1344 4027 1488 4100 Christus
1501 4028 1592 4100 venit

602 4281 612 4314 r
631 4263 688 4315 Cod.
703 4261 841 4330 Agrretem.
