3694 5626
547 433 593 518 54
997 441 1123 496 cisra

454 687 513 736 ηις
540 677 668 726 morem
680 655 773 726 suum
789 659 973 752 preteriens,
988 683 1145 756 magnam
1161 683 1242 731 terre
1258 683 1385 756 partem
1397 673 1563 731 arentem¹

538 760 677 857 reliquit,
698 786 762 856 que
779 763 836 834 suo
854 787 1002 860 ternpore
1019 788 1080 834 nec
1095 765 1188 856 arari,
1206 789 1267 836 nec
1283 765 1432 838 seminari
1448 768 1564 862 potuit.

539 864 637 942 Unde
659 866 811 940 soldanus
833 870 949 941 timens
970 869 1093 942 famem
1117 875 1152 942 sit
1170 872 1306 942 retinere
1329 873 1464 967 cupiens
1487 873 1565 944 civi·

538 997 639 1046 tatem
659 999 735 1045 cum
761 975 857 1047 sratre
873 977 931 1047 suo
949 976 1121 1048 Cbradino
1140 977 1237 1048 taleni
1255 978 1429 1049 christianis
1448 977 1566 1052 obtulit

538 1081 627 1178 pacis
652 1079 847 1172 factionem,
864 1107 900 1154 ut
923 1107 1053 1154 crucem
1074 1085 1237 1174 iamlam,
1254 1111 1273 1155 a
1294 1083 1468 1156 christianis
1484 1085 1566 1155 olim

536 1185 709 1286 perditam,
736 1212 812 1258 cum
835 1189 943 1260 sanda
960 1191 1089 1262 civitate
1107 1193 1142 1261 δι
1158 1189 1311 1262 omnibus
1334 1192 1482 1286 captivis,
1508 1191 1564 1286 qui

537 1294 571 1364 in
588 1317 692 1389 regno
712 1289 934 1386 Babyloniensi
950 1298 984 1366 ἃ
1000 1297 1208 1368 Damasceno
1226 1299 1290 1369 vivi
1314 1295 1444 1391 possent
1472 1322 1564 1393 repe·

537 1399 600 1487 riri,
617 1399 762 1496 sumptus
779 1400 961 1472 eciam²ad
982 1399 1180 1498 reparandos
1198 1427 1308 1472 muros
1323 1400 1564 1472 lherosolimam

537 1502 687 1576 redderet
714 1508 748 1576 ὅ(
771 1506 900 1604 insuper
923 1533 1062 1605 regnum
1084 1507 1398 1580 lherosolimitanum
1424 1507 1565 1578 totaliter

537 1611 710 1683 restitueret
726 1637 833 1708 preter
844 1613 1009 1687 Craccum
1026 1618 1060 1686 ὅ(
1077 1616 1227 1686 Montem
1245 1615 1400 1712 regalem,
1417 1639 1478 1710 pro
1493 1613 1563 1709 qui·

538 1714 597 1788 bus
616 1714 773 1789 tributum
795 1718 954 1810 redderer,
984 1718 1142 1817 quamdiu
1173 1745 1285 1817 treuga
1309 1719 1448 1791 duraret.
1483 1721 1564 1792 Sunt

537 1846 646 1896 autem
661 1823 722 1895 hec
741 1823 808 1896 duo
826 1826 900 1897 loca
921 1828 955 1898 in
974 1826 1095 1899 Arabia
1120 1823 1185 1916 sita,
1213 1827 1337 1922 septem
1361 1827 1563 1897 municiones

537 1926 725 2002 firmissimas
742 1930 912 2023 habentia,
937 1959 1001 2029 que
1019 1935 1206 2029 quicunque
1224 1931 1371 2023 tenuerit,
1397 1931 1565 2003 lherosoli-

538 2061 628 2106 mam
640 2062 717 2108 cum
729 2038 868 2111 voluerit
880 2063 1011 2127 nocere,
1025 2041 1194 2135 poterit&
1209 2062 1306 2135 agros
1323 2039 1390 2108 eius
1401 2063 1440 2108 ac
1453 2037 1562 2110 vineas

537 2140 643 2215 ledere
656 2143 785 2217 valebit.
801 2157 812 2206 ³
825 2145 871 2216 Est
878 2169 988 2216 autem
997 2172 1055 2242 per
1068 2173 1106 2217 ea
1119 2168 1338 2216 mercatorum
1350 2167 1418 2215 tam
1426 2143 1564 2214 christia·

537 2273 657 2321 norum
675 2275 776 2346 quam
799 2251 1071 2322 sarracenicoium
1097 2248 1254 2340 transitus,
1275 2274 1344 2320 tani
1361 2247 1404 2320 ad
1421 2249 1565 2345 ipsorum
1579 2270 1684 2332 V.,s.12
1691 2285 1790 2332 ιαμ

538 2355 666 2428 Mecam
675 2370 692 2416 4
702 2355 912 2430 tendencium
924 2383 1025 2454 quam
1036 2355 1079 2428 ad
1092 2383 1153 2428 nos
1165 2355 1387 2446 redeuntium,
1401 2381 1465 2451 que
1477 2360 1565 2453 pacis

538 2461 739 2560 composicio
751 2466 820 2562 regi
835 2465 1101 2562 francigenisque
1114 2467 1228 2536 comiti
1241 2466 1346 2536 eciam
1358 2464 1565 2536 Cestriecum
1578 2477 1613 2536 ¹³2
1624 2493 1646 2538 i·
1658 2477 1716 2537 ²38,
1727 2492 1751 2524 t-
1765 2491 1789 2523 2

539 2572 713 2666 capitaneis
735 2573 770 2642 ὃ(
786 2570 998 2644 Theutonicis
1020 2572 1127 2641 minus
1144 2567 1325 2667 provisis&
1344 2571 1377 2642 in
1401 2570 1565 2665 posterum

539 2701 608 2748 non
625 2675 811 2750 caventibus
837 2675 1021 2748 admodum
1047 2677 1155 2773 primo
1172 2701 1263 2773 grata
1282 2677 1354 2768 suit,
1375 2673 1430 2748 sed
1448 2675 1565 2746 saniori

540 2783 680 2856 concilio
707 2780 877 2856 obviatum
894 2783 947 2856 est.
978 2781 1564 2896 Lfflenim,gum‚pama,

539 2889 800 2988 archiepiscopis,
824 2890 995 2987 episcopis,
1017 2886 1200 2986 ’templariis
1226 2891 1261 2959 ἃ
1288 2888 1501 2984 hospitalariis
1531 2891 1575 2962 dc

540 2992 691 3066 omnibus
708 2995 795 3067 ltalie
811 2995 986 3091 capitaneis
1002 2994 1172 3091 multisque
1186 2993 1254 3066 aliis
1269 2992 1481 3100 pgudesz
1492 2995 1566 3066 viris

540 3102 614 3174 huic
631 3103 777 3172 tradlatui
793 3102 1007 3200 [eoppa-osuit,
1025 3101 1196 3173 ostendens
1214 3127 1253 3173 eii
1272 3093 1414 3190 racione,
1432 3102 1565 3173 Damia-

540 3233 608 3282 tam
623 3183 828 3282 aii’tffs‘nii'ia
845 3207 915 3278 fore
931 3207 1135 3305 capiendam.
1159 3209 1287 3307 Opinio
1306 3208 1435 3298 diversa,
1447 3207 1566 3283 discor·

540 3315 629 3388 diam
645 3317 784 3414 peperit,
798 3339 862 3410 que
879 3339 1015 3412 propter
1031 3339 1246 3387 communem
1264 3314 1480 3387 necessitatem
1497 3315 1564 3384 cito

540 3419 649 3494 sedata
668 3422 737 3492 suit.
766 3425 887 3493 lnteiea
907 3419 1060 3492 soldanus
1083 3447 1239 3519 magnam
1257 3421 1406 3520 peditum
1423 3420 1565 3492 multitu·

541 3525 652 3600 dinem
680 3527 829 3599 clanculo
858 3553 916 3624 per
938 3526 1013 3598 loca
1041 3528 1189 3624 palustria
1214 3527 1298 3600 misit
1322 3527 1365 3601 ad
1390 3529 1564 3618 civitatem,

541 3659 681 3731 quorum
706 3633 837 3705 ducenti
860 3631 1088 3732 quadraginta,
1119 3633 1355 3707 dormientibus
1381 3633 1565 3726 christianis,

434 3765 495 3812 voi.
506 3779 527 3826 3.
541 3743 720 3814 Dominica
735 3744 833 3812 nosse
845 3742 918 3838 post
933 3741 1047 3812 festum
1066 3741 1229 3814 Omnium
1241 3743 1435 3816 Sansioruni
1452 3739 1564 3814 urbem

541 3849 613 3920 sunt
625 3845 760 3948 ingressi.
773 3845 944 3920 Novissimi
959 3845 1002 3918 ad
1020 3848 1199 3920 clamorem
1216 3849 1426 3949 vigilantium
1443 3848 1565 3921 detenti

543 3958 614 4028 sunt
625 3958 660 4027 ὅ(
672 3953 778 4047 occisi,
796 3980 879 4051 quos
892 3954 934 4026 ad
947 3952 1106 4026 ducentos
1119 3957 1153 4025 ἃ
1166 3956 1272 4052 plures
1285 3957 1559 4052 computavimus.

580 4141 591 4174 ι
606 4123 633 4177 B.
639 4121 742 4193 supplet
759 4153 794 4164 -
811 4142 825 4176 a
842 4125 870 4177 7.
875 4121 974 4192 supplet
988 4123 1020 4176 δι.
1085 4124 1113 4176 7.
1124 4141 1213 4180 metas.

543 4231 577 4250 ,-
596 4204 653 4274 37.
667 4202 775 4258 valebat.
796 4232 831 4242 -
849 4221 867 4272 4
885 4203 912 4256 B.
926 4213 1022 4274 metu,
