3688 5640
550 505 577 584 4
958 499 1173 554 ounnmmo

562 625 710 635 ...ffl--a-

552 720 633 794 dum
650 747 783 794 carnem
800 720 844 792 est
861 745 1020 810 amatum,
1037 743 1231 792 convertens
1247 718 1282 788 in
1298 715 1344 805 id,
1356 714 1449 814 quod
1465 717 1577 789 secun·

552 827 632 900 dum
649 829 794 926 spiritum
811 829 855 900 est
871 827 978 916 dulce,
993 830 1028 898 &
1044 851 1170 923 pompe
1187 823 1354 896 mundane
1372 822 1579 896 umbratilem

551 937 701 1032 respuens
726 936 916 1022 vanitatem,
943 932 986 1006 ad
1009 934 1115 1030 ipium
1132 929 1298 1020 veniendi,
1318 961 1336 1002 α
1354 938 1465 1026 quaest
1483 937 1579 1002 omnis

549 1044 642 1130 salus,
655 1049 707 1134 qut'
723 1049 762 1135 est
777 1048 838 1132 vit,
855 1049 965 1114 veritos
983 1041 1014 1111 ὃ
1031 1047 1093 1112 vita
1111 1042 1346 1132 (loann.,X1V,
1364 1036 1415 1132 6),
1433 1037 1580 1108 semitam

551 1146 765 1219 brevissimam
790 1146 847 1219 fibi
875 1149 965 1245 eligit
987 1144 1192 1234 imitandam,
1212 1171 1247 1216 ut
1265 1169 1352 1215 mors
1369 1145 1434 1215 vite
1452 1167 1580 1242 tempo-

551 1252 624 1323 ralis
650 1250 687 1324 stt
711 1251 798 1349 quast
823 1256 919 1324 ianua
943 1256 978 1323 ἃ
1002 1252 1150 1322 introitus
1176 1251 1268 1348 tegni
1289 1249 1436 1320 celorum
1456 1251 1491 1319 ἃ
1515 1251 1580 1320 vite
1594 1276 1785 1342 Atym
1817 1279 1818 1284 ¹

550 1356 775 1431 indeficientis.
796 1363 885 1432 Cum
897 1361 994 1458 igitur
1004 1380 1127 1454 quanto
1141 1359 1246 1454 magis
1264 1353 1386 1450 aliquid
1400 1351 1581 1427 estbonum

551 1465 586 1533 ἃ
608 1463 679 1559 plus
697 1464 897 1557 deleuabile,
927 1489 1019 1536 tanto
1048 1464 1152 1561 magis
1173 1459 1209 1532 stt
1235 1458 1470 1559 appetendum,
1487 1459 1580 1534 &ad

552 1571 658 1666 ipsum
675 1595 716 1642 eo
734 1573 837 1668 magis
856 1569 891 1641 stt
907 1568 1167 1660 accelerandum,
1184 1567 1331 1657 adeum,
1356 1593 1423 1664 quo
1441 1567 1521 1639 nihil
1537 1569 1581 1639 est

551 1675 675 1765 melius,
694 1677 746 1748 vel
763 1675 983 1748 delestabilius
999 1679 1033 1748 in
1051 1701 1160 1764 cruce,
1177 1701 1241 1770 que
1258 1675 1303 1746 est
1318 1677 1371 1748 via
1387 1674 1477 1772 apud
1493 1674 1580 1746 celos

551 1780 742 1870 breviffima,
768 1783 812 1854 est
839 1781 1087 1879 properandum
1113 1779 1311 1853 dilacionem
1329 1780 1486 1879 fugiendo
1503 1806 1580 1853 cum

553 1887 688 1959 ferventi
706 1885 873 1960 desiderio
885 1889 946 1964 „Ne
963 1891 1059 1986 igitur
1076 1887 1119 1959 ad
1137 1913 1213 1960 eum
1230 1885 1381 1960 veniendi
1400 1911 1513 1984 quetas
1530 1887 1578 1960 di-

551 1993 714 2064 lacionem
740 2021 797 2090 pet
825 1992 955 2066 effeetus
977 1993 1183 2066 evidentiam
1204 2017 1274 2063 non
1300 1990 1474 2064 observans
1500 1994 1581 2066 illud

552 2096 756 2190 mandatum,
776 2131 794 2164 u
807 2102 937 2194 Diliges
951 2106 1050 2170 ‘Deum
1067 2127 1148 2170 tuum
1165 2129 1200 2170 ex
1210 2125 1273 2170 toto
1286 2102 1386 2189 corde,
1399 2103 1506 2189 &c.,o
1523 2125 1579 2190 quo

547 2208 658 2299 pendet
680 2231 743 2275 tota
769 2208 816 2276 Iex
841 2206 872 2276 ὃ
895 2213 1038 2300 prophete
1056 2237 1074 2269 n
1100 2205 1244 2300 (Matth,
1273 2223 1432 2302 xx11,37
1455 2205 1580 2300 &4o),

553 2337 628 2381 eum
645 2313 788 2407 sequere,
798 2315 855 2407 qui
870 2311 965 2384 dicit:
980 2317 1120 2384 «Servus
1133 2320 1240 2404 nonest
1253 2315 1578 2406 mut'ordouu'uosuou

552 2419 691 2507 (loann,
708 2435 789 2506 x111,
813 2419 883 2510 16),
895 2420 929 2487 &
939 2415 1024 2508 alibi,
1037 2449 1055 2482 α
1070 2423 1130 2489 Ubi
1137 2422 1208 2512 sum
1222 2445 1291 2511 ego,
1297 2421 1421 2514 scilicet
1436 2423 1468 2488 itt
1484 2446 1580 2507 cruce,

553 2523 621 2592 illic
637 2523 668 2592 e
685 2529 814 2614 minister
831 2551 910 2595 meus
927 2531 985 2594 ert't
1001 2556 1019 2588 υ
1046 2529 1186 2618 (loann,
1216 2543 1283 2614 ΧΗ,
1312 2527 1385 2620 26),
1411 2525 1498 2622 quia,
1525 2527 1581 2622 qui

552 2627 633 2698 mihi
658 2629 824 2717 ministrat,
849 2656 903 2701 me
932 2631 1091 2726 sequatur,
1116 2632 1149 2700 in
1176 2655 1271 2700 cruce
1295 2630 1431 2722 scilicet,
1457 2632 1490 2702 in
1515 2657 1580 2728 qua

552 2734 726 2806 moriendo
739 2737 903 2806 Dominus
916 2763 1019 2834 genus
1036 2735 1172 2810 redemit
1188 2737 1388 2830 humanum
1406 2735 1483 2808 dicit
1491 2739 1580 2809 enim

525 2935 527 2940 Δ
551 2841 585 2909 in
603 2839 797 2938 Evangelio:
817 2872 834 2904 o
854 2847 943 2938 Qifi
954 2869 1082 2936 granum
1097 2848 1246 2938 frumeuti
1263 2848 1371 2914 cudens
1386 2851 1417 2914 itt
1433 2871 1542 2916 terrum
1557 2859 1565 2890 ¹

508 3037 511 3042 Ι
552 2971 697 3017 mortuum
715 2953 827 3040 fuerit,
850 2953 945 3042 ipsum
972 2975 1070 3018 munet
1083 2951 1214 3043 solum»
1246 2951 1387 3041 (loetum,
1414 2971 1481 3042 ΧΠ,
1505 2960 1576 3048 24).

551 3049 696 3122 Christus
725 3052 842 3124 dicitur
867 3079 1007 3152 granum
1029 3053 1193 3145 frumenti,
1216 3055 1292 3150 quia
1313 3081 1354 3126 eo
1377 3055 1528 3150 fruemur,
1545 3061 1579 3129 ἃ

552 3153 670 3228 dicitur
692 3184 841 3254 granum,
865 3161 952 3254 quia,
975 3157 1052 3229 iicut
1075 3185 1214 3257 gtanum
1237 3162 1389 3233 frumenti
1406 3163 1449 3233 est
1466 3163 1578 3234 candi-

552 3259 632 3332 dum
650 3263 782 3334 interius
794 3266 829 3333 &
842 3262 1061 3335 rubicundum
1074 3267 1220 3358 exterius,
1233 3263 1273 3336 fic
1289 3265 1433 3339 Christus
1449 3271 1578 3342 interius

551 3367 710 3440 candidus
728 3395 785 3465 pet
801 3371 1032 3442 innocenciam
1044 3375 1078 3442 &
1091 3373 1319 3470 virginitatem,
1330 3377 1364 3446 &
1381 3374 1577 3449 rubicundus

552 3473 611 3544 fuit
627 3475 762 3545 exterius
779 3477 812 3545 in
830 3501 924 3547 cruce
941 3501 999 3572 pet
1016 3479 1185 3574 proptium
1202 3480 1402 3576 sanguinem.
1422 3487 1454 3552 in
1472 3507 1577 3579 grano

551 3579 708 3650 frumenti
724 3579 768 3650 est
785 3579 928 3674 quedam
946 3583 1026 3652 tima
1043 3581 1129 3677 quafi
1147 3583 1319 3676 interduo,
1336 3611 1399 3684 que
1417 3589 1578 3678 uniuntur,

551 3681 594 3754 stc
615 3685 740 3756 suntin
763 3685 892 3756 Christo
916 3684 979 3757 due
1008 3711 1129 3777 nature,
1157 3690 1276 3761 scilicet
1292 3693 1355 3764 Dei
1371 3696 1406 3764 &
1422 3694 1577 3786 hominis,

552 3813 615 3884 que
633 3793 667 3860 in
680 3815 721 3861 eo
735 3792 896 3862 uniuntur.
914 3792 1058 3864 Christus
1076 3795 1163 3864 enim
1181 3796 1225 3866 est
1241 3823 1333 3868 vetus
1344 3800 1432 3870 Deus
1442 3803 1576 3874 &vetus
1591 3822 1613 3866 A
1625 3815 1641 3863 f.
1654 3818 1716 3882 eth,
1727 3837 1747 3869 e
1762 3835 1780 3868 ι.

551 3894 666 3986 homo,
697 3898 774 3992 quia
790 3899 834 3968 est
851 3898 945 3996 gigas
962 3899 1093 3994 gemine
1110 3899 1297 3975 substancie.
1331 3904 1420 3976 Sicut
1435 3929 1575 4004 grantun

552 3999 704 4071 frumenti
721 4003 853 4074 molitur
868 4007 901 4074 in
921 4003 1009 4074 mola
1026 4005 1108 4077 inter
1120 4006 1204 4080 duos
1219 4008 1356 4105 lapides,
1374 4009 1415 4082 stc
1432 4012 1577 4086 Christus

550 4107 586 4175 in
603 4129 698 4178 cruce
713 4111 796 4180 inter
812 4108 895 4181 duos
913 4109 1065 4208 populos,
1087 4113 1204 4188 scilicet
1227 4115 1392 4189 ludaicum
1408 4120 1443 4191 ἀ
1459 4121 1576 4193 Genti·

591 4282 600 4324 t
617 4265 717 4324 emens
729 4265 753 4324 iu
764 4279 854 4326 tutem
866 4271 927 4324 add.
942 4285 970 4326 tt.
