3688 5640
556 531 595 584 12
943 520 1159 574 ORDINACIO

551 776 569 820 e
588 745 753 818 contrario
779 741 892 814 habuit
915 767 1006 812 arma
1027 741 1083 812 sua
1107 737 1265 811 debiliora
1289 739 1435 826 exterius,
1454 737 1574 810 scilicet

551 879 694 940 carnem,
712 854 746 921 &
764 849 904 920 fortiora
920 849 1061 934 interius,
1081 845 1197 917 sedicet
1215 841 1381 935 deitatem,
1402 868 1467 938 que
1483 841 1577 914 latuit

553 959 608 1032 sub
627 985 733 1031 carne.

601 1071 694 1138 Item:
722 1060 871 1160 Quando
888 1061 951 1134 Eva
967 1061 1094 1156 accepit
1110 1083 1251 1156 pomum
1267 1055 1310 1128 de
1332 1057 1437 1154 ligno,
1468 1051 1578 1126 clausit

553 1197 689 1244 manum
717 1171 807 1240 suam
835 1168 941 1240 versus
972 1168 1110 1264 lignum,
1140 1163 1284 1236 Christus
1306 1191 1325 1234 e
1349 1163 1514 1234 contrario
1542 1164 1577 1232 in

554 1303 649 1349 cruce
680 1273 846 1348 avertebat
877 1299 992 1344 manus
1022 1273 1091 1342 suas
1113 1297 1133 1342 a
1153 1272 1245 1368 ligno
1266 1272 1302 1340 ἀ
1324 1294 1439 1340 manus
1467 1267 1579 1340 habuit

554 1407 691 1481 apertas,
711 1405 746 1452 ut
758 1383 883 1469 innuat,
901 1378 992 1474 quod
1006 1375 1161 1449 debemus
1175 1399 1318 1448 avertere
1330 1400 1445 1446 manus
1459 1375 1580 1446 nostras

555 1487 677 1562 arebus
691 1485 874 1584 prohibitis3
888 1511 947 1583 per
954 1509 1094 1580 pomum
1108 1507 1217 1554 autem
1230 1479 1426 1579 fignificatur
1438 1479 1581 1577 qualibet

556 1621 604 1668 res
621 1592 794 1692 prohibita.

605 1707 698 1772 item:
719 1699 865 1771 Christus
888 1701 922 1769 in
944 1723 1040 1769 cruce
1057 1696 1191 1768 inclinat
1212 1697 1244 1768 se
1267 1693 1309 1766 ad
1333 1695 1481 1766 osculum
1502 1691 1581 1764 offe·

544 1803 630 1881 'rens
652 1831 769 1904 pacem
791 1806 965 1901 peccatori,
991 1803 1102 1874 dilatat
1125 1801 1257 1874 brachia
1279 1803 1312 1872 in
1331 1827 1426 1873 cruce
1447 1799 1491 1872 ad
1512 1827 1581 1870 am-

559 1913 698 2010 plexum.
718 1912 805 1982 Dicit
826 1912 914 1980 enim
935 1940 951 1972 te
972 1913 1064 2003 Non
1087 1916 1155 1979 veni
1175 1937 1282 1980 vocure
1300 1915 1390 2000 iustos
1402 1911 1463 2002 sed
1475 1933 1582 2001 pecco·

557 2045 637 2090 tores
656 2049 674 2080 υ
696 2014 797 2113 (Luc,
814 2036 848 2105 V,
868 2019 943 2111 32),
960 2011 1087 2084 &alibi
1105 2011 1194 2104 dicit,
1218 2045 1236 2078 ει
1257 2017 1376 2085 Maius
1388 2017 1533 2108 gaudium
1551 2017 1582 2082 t'tt
1597 2023 1723 2084 Αἱὸοι»
1735 2040 1755 2070 r-
1770 2037 1797 2069 ²*

558 2151 650 2220 reguo
669 2126 727 2193 celt'
743 2127 837 2217 super
853 2149 911 2191 uno
926 2147 1122 2215 peccatore»
1142 2122 1245 2214 (Luc,
1268 2140 1330 2210 XV,
1350 2125 1400 2212 7).
1422 2123 1582 2216 Apertum

560 2233 603 2302 est
621 2232 688 2300 eius
703 2229 786 2300 latus
803 2225 846 2298 ad
867 2225 1081 2324 operiendum
1098 2227 1165 2296 eius
1184 2226 1348 2296 lecretum.

608 2341 700 2406 item:
718 2333 841 2407 Unicus
855 2333 916 2404 fuit
928 2332 1037 2404 clavus
1050 2330 1172 2402 defixus
1185 2334 1220 2402 δι
1233 2329 1400 2402 transfixus
1413 2357 1471 2428 per
1484 2331 1584 2429 pedes

561 2441 689 2528 Christi,
716 2442 790 2534 quia
814 2463 871 2533 per
892 2436 992 2534 pedes
1014 2436 1208 2534 fignificatur
1228 2461 1359 2532 corpus,
1388 2438 1479 2534 quod
1497 2465 1585 2512 nunc

561 2547 635 2636 huc,
653 2570 740 2618 nunc
753 2545 828 2616 illuc
841 2546 982 2630 vertitur,
1006 2541 1084 2613 ficut
1096 2542 1196 2638 pedes
1213 2568 1301 2613 nunc
1314 2542 1389 2634 huc,
1407 2569 1494 2616 nunc
1510 2545 1586 2618 illuc

563 2653 670 2724 ferunt
686 2675 814 2747 corpus.
847 2650 996 2720 Dileccio
1014 2674 1130 2720 aucem
1147 2650 1251 2739 unius,
1270 2649 1388 2720 scilicet
1405 2651 1479 2740 Dei,
1498 2654 1587 2747 prin·

562 2759 708 2856 cipah‘ter
732 2755 830 2828 debet
850 2752 914 2826 effe
932 2757 965 2825 in
991 2753 1103 2846 corde,
1132 2751 1263 2824 &ideo
1287 2756 1398 2826 unicus
1421 2757 1529 2830 clavus
1553 2760 1586 2830 in

562 2861 699 2960 pedibus
718 2863 788 2954 fuit,
806 2865 862 2958 qui
880 2887 938 2933 cor
950 2860 1118 2958 fignificat,
1136 2861 1170 2930 in
1187 2885 1256 2955 quo
1269 2859 1314 2930 est
1330 2863 1442 2932 caritas
1460 2889 1536 2954 una,
1553 2867 1587 2935 in
1638 2869 1641 2875 ’

563 2995 628 3065 qua
644 2995 709 3040 una
727 2967 903 3039 fundantur
920 2993 1035 3038 omnes
1055 2967 1117 3038 alie
1129 2967 1269 3038 virtutes.
1292 2967 1380 3038 Sicut
1393 2970 1482 3039 enim
1495 2970 1587 3042 multi

563 3076 644 3146 rami
665 3101 704 3146 ex
730 3100 795 3146 una
819 3073 927 3145 radice
951 3072 1127 3170 prodeunt,
1155 3069 1195 3142 stc
1217 3074 1252 3142 δι
1273 3072 1375 3144 multe
1396 3076 1527 3156 virtutes
1550 3102 1589 3148 ex

564 3207 630 3252 una
658 3182 788 3252 caritate
822 3179 1002 3276 prodeunt,
1036 3204 1100 3274 que
1134 3176 1239 3248 defixa
1267 3179 1312 3248 est
1341 3179 1374 3248 in
1408 3179 1519 3254 corde.
1555 3187 1587 3253 in

564 3285 793 3384 defignacione
808 3288 907 3384 igitur
930 3287 1023 3357 unius
1044 3286 1183 3356 caritatis
1203 3284 1263 3356 firit
1284 3287 1397 3356 unicus
1424 3287 1534 3360 clavus
1555 3291 1588 3361 in

564 3391 711 3490 pedibus.

615 3505 707 3572 item:
736 3501 791 3570 Per
817 3524 932 3571 manus
958 3496 1174 3596 fignificantur
1200 3521 1311 3592 opera,
1341 3501 1417 3594 quia
1440 3500 1588 3574 manibus

566 3631 751 3703 operamur,
772 3603 859 3676 unde
881 3604 949 3675 duo
968 3605 1097 3676 fuerunt
1113 3603 1197 3674 clavi
1217 3602 1416 3677 inmanibus
1435 3606 1477 3678 ad
1495 3605 1589 3706 figni-

567 3708 744 3800 flandum,
766 3711 858 3808 quod
875 3709 943 3782 duo
961 3708 1082 3782 debent
1100 3705 1165 3780 effe
1183 3733 1284 3805 opera
1301 3711 1408 3782 nostra
1421 3711 1521 3805 bona,
1539 3715 1591 3787 vel

566 3817 600 3888 in
617 3819 684 3889 vira
700 3818 815 3908 adim,
832 3818 884 3889 vel
900 3816 1165 3912 contemplativa.

617 3927 717 3994 item:
745 3925 916 3995 Ternarius
930 3922 989 3994 fuit
1018 3922 1186 3994 clavorum
1215 3921 1248 3992 in
1275 3919 1504 4020 defignacione
1519 3927 1591 3998 Tri-

568 4051 687 4100 mtatts.

618 4139 718 4206 item:
744 4137 909 4207 Dominus
929 4138 964 4206 in
985 4161 1080 4207 cruce
1104 4135 1270 4210 inclinavit
1294 4138 1326 4208 se
1351 4135 1395 4208 ad
1418 4161 1536 4208 terram
1556 4141 1592 4209 ἀ

570 4239 734 4320 ditetdtin
751 4265 868 4316 tetram
885 4244 988 4314 visum
1003 4243 1046 4316 ad
1060 4239 1319 4348 significandum,
1339 4243 1431 4344 quod
1449 4245 1514 4346 ipse
1530 4245 1592 4318 firit
