3688 5640
552 491 603 568 44
1007 487 1134 540 ousta

412 721 543 780 ινδ-πη
557 705 679 800 afflicti,
705 732 782 778 cum
799 707 902 778 multa
925 706 1096 803 paciencia
1122 705 1303 804 migrarunt
1328 704 1371 776 ad
1389 706 1584 779 Dominum.

557 812 707 912 Quidam
722 835 833 885 autern
845 812 945 908 usque
958 809 1002 883 ad
1018 835 1149 908 tempus
1162 812 1294 884 vernale
1306 809 1470 903 durantes,
1488 809 1586 884 bene·

556 920 634 992 ficio
653 919 770 990 caloris
787 919 956 991 evaserunt
972 917 1161 1014 periculum.
1188 920 1258 990 Post
1275 917 1398 991 diciam
1415 919 1586 1016 tempesta·

558 1051 627 1100 tem
642 1051 741 1098 naves
758 1027 875 1096 iterum
893 1022 1091 1122 parabantur
1107 1023 1150 1095 ad
1168 1022 1335 1096 transitum
1350 1023 1503 1117 fluminis,
1522 1049 1587 1121 que

558 1158 636 1204 cum
652 1156 777 1229 magno
803 1131 949 1229 periculo
966 1131 1089 1202 sursum
1101 1129 1311 1204 ascendentes
1326 1133 1410 1204 inter
1423 1134 1588 1204 civitatem

558 1243 594 1312 δι
619 1239 731 1310 turrim
754 1262 886 1334 captam
911 1237 1070 1308 machinis
1094 1238 1227 1335 &igne
1252 1263 1353 1336 greco
1376 1264 1453 1310 cum
1477 1237 1588 1310 iaculis

559 1345 735 1443 plurimum
752 1343 825 1414 sunt
841 1341 1008 1440 impedite.

608 1448 706 1524 Unde
722 1449 852 1544 accidit,
870 1477 905 1523 ut
918 1477 983 1523 una
995 1477 1036 1524 ex
1052 1449 1189 1524 navibus
1202 1451 1463 1548 templariorum,
1479 1452 1512 1524 vi
1525 1473 1589 1522 tor-

560 1559 675 1654 tentia,
683 1583 786 1654 rapta,
797 1584 902 1654 prope
910 1560 1016 1654 ripam
1024 1559 1161 1631 civitatis
1169 1559 1414 1655 precipitaretur
1422 1556 1465 1628 ad
1474 1557 1591 1648 hostes,

561 1668 707 1762 quicum
724 1662 868 1736 barboris
881 1668 916 1736 &
929 1665 1055 1736 uncinis
1069 1665 1177 1736 ferreis
1189 1665 1294 1762 ipsam
1305 1666 1591 1762 impugnaverant,
1604 1688 1777 1751 s.,p.231,:.
1790 1704 1812 1736 2.

560 1773 674 1869 ignem
700 1796 834 1869 grecum
863 1797 940 1842 cunr
955 1769 1118 1867 lapidibus
1147 1769 1189 1842 de
1207 1769 1346 1843 turribus
1371 1772 1589 1868 proiicientes.

560 1878 596 1948 Er
620 1903 698 1948 cum
718 1874 760 1947 stc
787 1877 951 1972 prevalere
972 1903 1041 1949 non
1068 1875 1197 1973 possent
1226 1901 1361 1974 propter
1384 1875 1592 1948 defensorum

561 1982 745 2072 audaciam,
770 2009 890 2056 navem
908 1998 923 2030 ²
941 1982 1152 2056 ascendentes
1177 1982 1220 2055 ad
1235 1983 1424 2079 templarios
1441 1981 1593 2054 ascende·

562 2116 646 2182 runt,
664 2089 721 2162 ubi
737 2117 814 2162 cum
832 2089 1002 2162 diutissime
1018 2115 1230 2190 pugnaretur,
1253 2088 1390 2162 tandem
1407 2092 1496 2163 navis
1520 2115 1594 2186 per·
1633 2119 1638 2130 ·

563 2197 680 2289 forata,
701 2197 764 2271 five
782 2197 823 2270 ab
839 2196 994 2288 hostibus,
1020 2195 1083 2271 sive
1100 2225 1121 2270 a
1138 2199 1264 2290 nostris,
1290 2197 1440 2288 nescitur,
1457 2197 1594 2293 prosun-

563 2303 644 2376 dum
664 2306 764 2402 peciit
789 2302 999 2402 submergens
1021 2304 1177 2404 Egyptios
1196 2330 1274 2374 cum
1291 2302 1468 2375 christianis
1495 2301 1592 2393 adeo,

563 2437 599 2484 ut
621 2411 700 2482 mali
717 2412 884 2482 summitas
909 2413 1003 2507 super
1030 2436 1152 2507 aquam
1176 2412 1229 2484 vix
1253 2435 1437 2508 appareret,
1463 2407 1596 2482 &ficut

562 2518 699 2591 Samson
726 2519 869 2588 moriens
891 2517 997 2614 plures
1024 2519 1131 2590 stravit
1156 2543 1258 2614 quarn
1281 2519 1404 2606 vivens,
1434 2513 1476 2586 stc
1496 2516 1596 2588 &isti

563 2647 719 2715 martyres
730 2641 742 2688 ³
754 2625 861 2722 plures
872 2625 982 2696 secum
991 2649 1155 2696 traxerunt
1166 2625 1200 2694 in
1213 2649 1299 2720 aque
1312 2625 1481 2722 voragine,
1494 2648 1595 2719 quarn

563 2729 680 2829 gladiis
699 2731 879 2804 interficere
898 2729 1087 2829 potuissent,
1112 2757 1254 2828 cumque
1276 2731 1362 2803 cives
1380 2731 1532 2801 Damiate
1547 2732 1595 2800 in·
1610 2755 1650 2816 v.‚
1662 2755 1678 2802 t.
1690 2757 1703 2803 s
1715 2764 1778 2816 aaa
1790 2773 1811 2805 ι.

565 2838 746 2908 fortunium
762 2839 855 2909 suum
869 2840 1015 2934 quinque
1029 2835 1143 2908 diebus
1157 2834 1366 2935 planxissent,
1383 2833 1500 2908 exinde
1512 2861 1597 2933 pon·

564 2969 632 3016 tem
645 2968 828 3040 reparantes
846 2967 1032 3039 aperturam
1045 2941 1130 3014 adeo
1148 2944 1347 3039 reliquerunt
1363 2942 1546 3040 angustam,
1558 2968 1598 3031 ut

564 3073 663 3120 naves
680 3052 787 3120 nostre
803 3047 867 3120 fine
885 3049 1030 3146 periculo
1047 3047 1177 3121 transite
1194 3074 1263 3121 non
1281 3045 1424 3146 possent.
1454 3048 1598 3121 Theuto-

565 3155 631 3224 nici
640 3179 719 3226 vero
732 3157 767 3226 &
778 3157 930 3244 frisones,
942 3155 1014 3227 zelo
1027 3156 1105 3226 iuste
1119 3154 1362 3255 indignacionis
1375 3152 1512 3246 accensi,
1521 3181 1598 3226 cum

566 3262 704 3333 minima
720 3262 807 3354 navi,
832 3262 919 3359 galia
940 3286 1138 3358 nuncupata,
1164 3286 1304 3358 pontem
1327 3260 1459 3332 viriliter
1475 3262 1597 3332 invase·

566 3393 651 3462 runt,
676 3372 711 3440 δι
735 3369 795 3441 viri
815 3395 885 3440 non
907 3368 1013 3465 plures
1040 3394 1139 3464 quam
1161 3365 1278 3439 decem
1302 3393 1379 3438 curn
1397 3369 1461 3440 Dei
1479 3369 1597 3440 auxilio

568 3499 683 3548 contra
720 3503 856 3548 omnem
892 3475 1150 3568 Babyloniorum
1183 3473 1427 3548 multitudinem
1460 3500 1598 3571 pontem

568 3581 789 3671 ascendentes,
804 3607 877 3655 cetu
890 3583 1061 3654 christiano
1075 3583 1241 3678 speslante
1254 3585 1289 3653 δι
1301 3582 1388 3653 hanc
1400 3579 1599 3678 probitatem

568 3688 746 3785 pbrrimum
759 3690 946 3781 extollente,
964 3690 1130 3786 fregerunt
1145 3692 1180 3760 ἃ
1192 3687 1234 3760 stc
1250 3695 1327 3760 cum
1340 3712 1495 3785 quattuor
1510 3689 1599 3760 navi-

568 3793 640 3887 bus,
659 3797 752 3894 super
765 3823 845 3892 quas
859 3821 926 3868 erat
939 3820 1024 3892 pons
1039 3792 1203 3884 fundatus,
1217 3819 1294 3866 cum
1307 3795 1473 3892 triumpho
1487 3789 1598 3865 reversi

570 3903 653 3995 sunt,
665 3905 755 3976 viam
769 3901 903 3974 liberam
916 3906 950 3974 δι
962 3927 1110 3999 apertam
1122 3902 1244 3974 sursum
1256 3899 1491 3976 velificantibus
1504 3901 1600 3971 relin-

572 4033 719 4106 quentes.
745 4011 911 4082 Sarraceni
934 4011 1007 4108 post
1032 4009 1092 4082 hec
1117 4010 1298 4108 periculum
1321 4007 1404 4080 sibi4
1425 4009 1599 4080 imminens

612 4267 622 4302 t
633 4251 707 4304 Csdd.
713 4248 834 4302 currentis
845 4257 891 4320 pro
902 4247 1024 4302 torrentis.
1032 4267 1087 4300 -a
1095 4251 1123 4303 V.
1132 4265 1203 4304 nave.
1211 4265 1264 4315 -3
1272 4249 1454 4304 Gadamarta.
1461 4249 1550 4314 -4V.
1559 4247 1598 4302 sic.
