3694 5626
570 471 618 545 bo
854 485 904 540 ns
930 485 1089 540 trmnxs
1113 483 1314 539 rxtsouurt.

500 711 629 790 1217liat
655 712 689 780 ἃ
714 705 876 798 sublimat,
906 705 1026 778 eodem
1052 706 1104 779 die
1129 708 1259 778 mutatis
1287 731 1349 805 pro
1374 729 1455 781 voto
1483 707 1599 795 ventis,

573 841 694 888 ceteras
714 839 812 886 naves
829 815 864 885 δι
881 813 987 884 socios
1005 816 1131 886 nostros
1146 815 1180 884 in
1192 815 1281 885 mam
1293 813 1470 884 voluntatis
1486 839 1602 884 eontm

570 921 705 995 reduxit.
734 921 804 992 Nos
828 945 908 992 vero
935 944 1068 1017 aportu
1091 922 1176 992 exire
1195 943 1264 990 non
1281 919 1436 1013 valentes,
1461 917 1542 992 duas
1556 917 1601 992 ibi

571 1033 684 1098 nosses
698 1028 873 1124 exegimus.
886 1027 1005 1097 Tercio
1019 1025 1154 1098 tandem
1163 1025 1216 1098 die
1230 1027 1302 1099 vela
1312 1027 1466 1118 levantes,
1481 1022 1601 1097 eodem

570 1133 623 1204 die
640 1135 726 1205 circa
748 1135 822 1205 solis
843 1135 995 1206 occasum
1014 1132 1161 1204 horridas
1188 1135 1296 1205 fauces
1317 1134 1518 1222 intravimus,
1544 1129 1600 1203 ubi

569 1239 695 1337 Europa
713 1244 748 1312 ἀ
760 1239 891 1332 Affrica,
909 1238 1074 1311 montibus
1087 1241 1200 1311 etesiis
1212 1242 1247 1310 in
1260 1239 1383 1330 celum,·
1397 1237 1491 1310 facile
1506 1237 1601 1308 cons·

570 1347 733 1442 piciuntur
757 1375 776 1418 a
802 1348 978 1420 dextris&
1001 1345 1171 1420 afinistris.
1200 1346 1245 1420 lbi
1273 1345 1461 1419 Mulemuda
1490 1347 1601 1418 civitas

570 1451 690 1525 Affrice
707 1457 742 1526 ἀ
755 1455 912 1552 Ceteripb
931 1453 1095 1552 oppidum
1108 1455 1267 1551 Hispanie
1278 1479 1318 1526 ex
1331 1475 1423 1550 parte
1435 1453 1600 1524 montium

570 1558 768 1633 occidentali
784 1559 827 1631 stc
843 1583 959 1632 contra
971 1585 1141 1658 ponuntur
1153 1574 1162 1607 ¹
1176 1585 1216 1632 ex
1227 1559 1364 1650 diredio,
1382 1583 1419 1629 ut
1434 1583 1600 1630 commea·

571 1667 617 1736 tui
630 1664 828 1738 breviffimus
846 1667 890 1738 est
902 1664 1056 1738 transitus.
1078 1665 1131 1738 Ad
1145 1669 1305 1738 orientem
1318 1691 1396 1738 vero
1405 1666 1602 1762 Ceptacivi·

569 1795 617 1842 tas
631 1773 829 1869 conspicitur
841 1775 874 1843 in
886 1771 1018 1860 Affrica,
1035 1775 1086 1844 cui
1100 1799 1138 1844 ex
1151 1771 1447 1871 diressoMalagam
1458 1769 1602 1870 opponit

570 1877 735 1973 Hispania.
767 1881 865 1976 igitur
889 1881 923 1950 in
941 1879 998 1950 alis
1023 1878 1145 1976 zephiri
1171 1902 1243 1950 toto
1261 1903 1390 1950 carcere
1406 1875 1518 1968 emissi,
1548 1877 1601 1949 die

448 1981 808 2080 m.1;.nffumpti0nis
831 1983 924 2058 beate
940 1985 1085 2084 Virginis
1100 1983 1263 2083 assumpti,
1287 2009 1356 2056 non
1374 1986 1529 2082 navigare
1545 1983 1600 2057 sed
1653 2079 1658 2088 ὁ

570 2089 681 2161 volare
698 2089 902 2182 videbamur,
926 2093 969 2162 ita
987 2115 1022 2162 ut
1039 2094 1097 2187 qui
1114 2092 1189 2188 sepe
1206 2089 1441 2162 descenderant
1456 2092 1489 2161 in
1508 2087 1598 2162 navi·

568 2191 628 2266 bus
645 2198 680 2266 dt
697 2198 905 2292 operationes
928 2197 1073 2268 fecerant
1099 2197 1133 2266 in
1159 2197 1262 2292 aquis,
1287 2221 1456 2293 nunquam
1482 2197 1513 2268 se
1530 2221 1598 2268 tam

568 2301 654 2372 itatis
672 2301 851 2394 elementis,
874 2326 942 2374 tam
971 2300 1157 2374 inmanibus
1189 2301 1339 2399 processis
1361 2305 1499 2375 iatsatos
1514 2304 1630 2376 iura-s»
1643 2331 1680 2381 ³²·

569 2429 649 2478 rent.
666 2408 781 2479 Ventis
799 2410 909 2505 itaque
926 2408 1114 2508 urgentibus
1128 2437 1147 2481 a
1160 2410 1340 2505 conspessu
1352 2409 1519 2506 Hispanis,
1534 2435 1598 2506 que

568 2537 627 2608 pre
654 2513 757 2585 oculis
783 2514 909 2610 semper
933 2514 1085 2586 habenda
1102 2515 1156 2606 est,
1184 2513 1407 2588 Balbellonam
1435 2514 1596 2605 euntibus,

567 2615 669 2716 longe
695 2617 794 2692 delati
811 2620 903 2692 Evice
920 2621 1057 2692 insulam
1075 2643 1191 2716 quarto
1209 2620 1262 2692 die
1278 2623 1438 2714 venimus,
1464 2619 1520 2692 ubi
1536 2646 1597 2693 nos

569 2721 710 2796 deviasse
724 2726 974 2824 cognoscentes,
991 2729 1095 2824 proris
1118 2726 1161 2798 ad
1179 2751 1298 2798 terram
1312 2725 1484 2821 conversis,
1501 2729 1596 2810 tertio

568 2827 621 2900 die
644 2831 819 2902 Tortosam
848 2833 1012 2905 civitatem
1029 2833 1226 2926 accessimus,
1256 2831 1313 2906 ubi
1337 2833 1448 2906 Errora
1471 2831 1598 2926 fluvius,

567 2931 659 3006 limes
682 2937 831 3033 gentium
852 2939 888 3008 ἀ
909 2939 1063 3010 terminus
1080 2937 1236 3032 fidelium,
1257 2939 1406 3012 dulcibus
1432 2942 1526 3038 aquis
1549 2943 1597 3015 in-

567 3035 671 3110 fluens
698 3041 949 3114 amaritudinem
976 3049 1188 3141 temperat&
1204 3043 1310 3118 reddit
1331 3045 1524 3143 potabilem.
1553 3045 1598 3120 sbi
1623 3121 1628 3130 ,

568 3141 704 3216 tandem
720 3147 901 3219 Sarracenis
923 3175 943 3220 a
961 3173 1055 3247 tergo
1072 3151 1199 3240 relisus,
1224 3149 1406 3224 libertatem
1431 3153 1597 3227 consecuti

567 3251 602 3319 ἃ
626 3273 728 3346 aquas
751 3251 949 3349 potabiles,²
968 3257 1084 3326 veteris
1100 3259 1235 3330 veritate
1257 3256 1396 3354 probata
1420 3257 1597 3356 proverbii,

568 3354 661 3450 quod
676 3354 860 3430 libertatem
876 3360 1002 3432 estimat
1018 3364 1053 3432 dt
1070 3364 1215 3457 precium
1233 3365 1330 3458 ponit
1345 3389 1431 3460 aque
1445 3363 1594 3464 potabili,

567 3459 769 3535 laudavimus
787 3465 1001 3539 inventorem.
1022 3469 1195 3540 Defecerat
1211 3471 1300 3541 enim
1317 3467 1412 3542 nobis
1428 3497 1524 3568 aqua,
1537 3474 1597 3544 2&

568 3567 662 3638 multi
683 3567 726 3640 de
741 3570 854 3642 nostris
872 3569 934 3643 srtis
951 3575 986 3644 &
1004 3570 1142 3645 febrium
1158 3577 1193 3646 dt
1213 3573 1394 3648 dissenseris
1411 3579 1519 3650 calore
1535 3579 1596 3650 ser

568 3697 680 3744 ventes
697 3700 798 3770 aquas
817 3679 914 3748 maris
932 3704 1057 3750 amaras
1074 3678 1256 3752 haurientes
1272 3677 1355 3752 fitim
1372 3683 1596 3782 extinguendo

569 3777 764 3872 incitabant3
791 3781 844 3872 atij
861 3783 977 3854 simum
989 3785 1024 3856 in
1035 3783 1160 3882 sagenis
1175 3788 1354 3879 inventum,
1366 3789 1421 3878 alij
1435 3791 1596 3885 quoscun-

570 3907 635 3976 que
653 3885 771 3958 sntslus
799 3884 949 3958 manibus
966 3889 1200 3985 exprimebant,
1227 3891 1416 3966 necessitatis
1431 3893 1484 3967 sue
1504 3919 1595 3966 men·

569 3985 715 4062 dicantes
731 3991 905 4084 auxilium3
933 3993 986 4084 aiij
1005 3994 1089 4068 seces
1107 3999 1176 4069 vini
1198 3997 1250 4069 vel
1268 3997 1399 4074 cervisie
1414 3999 1595 4100 sugebant3

606 4238 614 4268 ¹
631 4227 659 4276 A.
679 4237 776 4296 pentus.
789 4256 823 4265 --
838 4247 852 4278 a
867 4229 932 4280 nesii
943 4235 1002 4280 add.
1020 4231 1049 4279 Η.
1065 4259 1098 4268 -
1115 4247 1126 4294 3
1140 4233 1170 4284 A.
1185 4247 1224 4304 sq.
