3694 5626
543 410 592 508 64
824 427 874 480 ou
898 425 1057 480 rrruunu
1081 425 1282 480 rmsouum.

474 680 530 727 ¹²¹7
545 649 639 724 beate
662 646 807 746 Virginis
831 649 864 720 se
888 645 1002 721 vidisse
1025 645 1220 720 testabantur
1245 649 1279 719 in
1302 671 1386 739 aere,
1411 672 1569 745 tanquam

545 760 601 829 sue
619 755 762 828 vindisie
785 755 1050 854 congramlantis.
1077 755 1147 828 litat
1169 779 1278 827 autem
1296 755 1357 826 hec
1374 757 1485 830 civitas
1503 756 1571 828 sor·

547 863 671 954 tislima,
702 862 792 934 cuius
808 860 871 933 due
899 885 1006 958 partes
1022 885 1108 957 aqua
1128 861 1350 960 cingebantur,
1380 885 1450 934 tota
1474 887 1569 934 muro

548 971 660 1042 turrito
678 967 808 1060 vallata,
833 965 930 1064 spisso
952 969 987 1038 in
1014 991 1152 1059 tanmm,
1177 993 1213 1038 ut
1229 970 1263 1039 in
1281 970 1348 1040 eius
1364 971 1484 1042 vertice
1500 968 1569 1040 duo

548 1073 677 1171 possent
693 1073 750 1147 srbi
766 1077 889 1172 equites
916 1100 1093 1146 occurrere.
1124 1076 1197 1147 l=lec
1224 1075 1357 1146 vastatio
1383 1100 1518 1147 omnem
1535 1077 1570 1146 in

548 1205 677 1254 rantum
693 1184 803 1254 terruit
814 1182 967 1268 vicinam,
985 1207 1020 1252 ur
1034 1181 1139 1253 nullus
1150 1182 1185 1253 in
1200 1182 1261 1253 suis
1274 1179 1416 1278 presidiis
1432 1183 1572 1278 speraret

549 1287 691 1360 salutem.

442 1412 501 1470 Aut·
515 1422 534 1456 ¹·
597 1395 669 1466 l·liis
681 1397 792 1492 itaque
806 1395 954 1492 peridis,
970 1395 1004 1466 in
1022 1393 1075 1466 die
1086 1395 1187 1466 sandsi
1203 1395 1283 1466 Petri
1299 1393 1342 1466 ad
1354 1395 1484 1466 vincula
1496 1419 1571 1491 pro·

551 1501 716 1590 cedentes,
737 1503 881 1574 civitates
898 1503 933 1572 ἀ
950 1499 1074 1596 oppida
1087 1525 1242 1572 terrarum
1259 1501 1379 1572 scilicet
1390 1501 1572 1592 Odiatiam‚

551 1607 734 1700 Harmund,
751 1609 918 1697 Kazalam,
946 1607 1048 1680 Saltus
1078 1633 1212 1704 quoque
1236 1611 1271 1679 δι
1297 1614 1439 1681 Arenam
1464 1609 1572 1680 sansle

549 1713 665 1786 Eulalie
678 1740 754 1786 cum
767 1715 892 1812 Hispali
903 1739 1025 1812 magna
1035 1717 1229 1786 transeuntes
1242 1713 1285 1786 ad
1296 1715 1415 1807 levam,
1428 1716 1575 1812 sequenti

442 1833 536 1889 Austi-
550 1819 604 1892 die
619 1821 734 1894 Roden
758 1822 973 1919 pervenimus.
1000 1823 1089 1893 lassis
1118 1821 1268 1894 anchoris
1293 1845 1411 1893 terram
1433 1847 1573 1918 propere

551 1927 807 1999 conscendimus.
838 1924 1011 1998 Conversis
1036 1928 1069 1998 in
1094 1929 1207 2026 sugam
1229 1927 1364 2018 civibus,
1388 1929 1486 1999 nostri
1507 1929 1573 2000 cas·

550 2058 636 2106 trum
663 2032 832 2124 invadunt,
862 2033 970 2130 spoliis
993 2035 1118 2106 vastant
1140 2038 1175 2106 δι
1199 2033 1340 2132 ignibus,
1367 2059 1502 2132 totaque
1520 2035 1573 2106 illa

551 2143 648 2212 noc‘le
672 2142 705 2212 in
719 2166 760 2211 eo
773 2141 1026 2237 permanserunt.
1043 2141 1140 2211 Mane
1158 2141 1247 2212 fado
1260 2142 1406 2238 plurimis
1419 2139 1462 2214 ad
1476 2167 1575 2214 naves

552 2273 626 2318 curn
644 2244 745 2343 preda
766 2244 904 2338 reversis,
930 2243 1124 2341 quibusdam
1146 2246 1201 2344 spe
1221 2247 1301 2319 lucri
1320 2274 1380 2346 per
1398 2250 1508 2322 vineas
1525 2251 1574 2320 in-

553 2377 646 2426 caute
663 2351 817 2449 dispersts,
834 2354 999 2424 Sarraceni
1012 2352 1218 2426 multitudine
1236 2379 1429 2452 magnaper
1441 2360 1575 2428 nossem

553 2459 689 2532 collessa
705 2459 831 2530 nostros
850 2459 1044 2532 invaserunt.
1062 2462 1170 2532 Paucis
1192 2463 1301 2556 itaque
1318 2458 1393 2532 cesis
1411 2463 1571 2558 utrinque,

553 2567 648 2638 millis
665 2565 707 2638 de
725 2563 859 2639 navibus
876 2565 1010 2652 auxiliis,
1036 2589 1106 2638 tota
1122 2565 1175 2638 die
1191 2568 1289 2664 pauci
1306 2567 1348 2639 de
1364 2567 1476 2638 nostris
1499 2593 1574 2640 cum

552 2673 661 2744 multis
685 2673 863 2745 sarracenis
888 2671 1131 2763 comoriserunt,
1158 2673 1202 2743 ita
1219 2695 1254 2744 ut
1270 2674 1366 2769 pauci
1391 2673 1433 2746 de
1449 2673 1573 2766 nostris,

553 2779 656 2850 Mauri
679 2778 811 2877 plurimi
836 2775 974 2850 arcubus
991 2801 1194 2850 morerentur
1210 2781 1244 2850 δι
1259 2777 1385 2851 balistis.
1404 2780 1480 2852 Sole
1496 2805 1574 2852 vero

551 2886 618 2957 iam
635 2883 678 2958 ad
694 2885 846 2958 occasum
862 2906 1027 2981 vergente,
1053 2885 1218 2957 Sarraceni
1242 2884 1354 2956 fortius
1370 2884 1573 2984 conglobati,

554 2989 609 3062 diu
642 2991 800 3064 ventilatis
832 2988 980 3080 consiliis,
1018 2990 1174 3089 clangore
1203 2989 1337 3062 horrido
1378 2993 1575 3084 intonantes,

553 3095 651 3170 velud
676 3099 778 3194 parati
807 3097 919 3168 omnia
946 3096 1076 3168 fortune
1101 3099 1317 3188 committere,
1347 3123 1422 3170 cum
1451 3099 1574 3196 impetu

554 3205 680 3274 nostros
706 3201 857 3294 insiliunt,
886 3201 942 3273 sed
967 3201 1073 3274 statim
1100 3203 1266 3302 insuganr
1287 3201 1442 3294 conversi,
1470 3206 1576 3300 turpia

554 3310 627 3405 post
655 3332 783 3406 tergum
814 3307 948 3382 vulnera
979 3309 1192 3406 susceperunt.
1229 3303 1335 3380 Nostri
1369 3311 1467 3407 igitur
1497 3333 1576 3382 mne

555 3412 690 3486 demum
706 3411 840 3486 navibus
858 3413 889 3484 se
903 3413 1119 3510 suscipientes,
1138 3411 1301 3486 balistariis
1319 3415 1468 3488 ultimam
1485 3442 1575 3488 man·

556 3516 674 3594 devere
691 3517 881 3592 custodiam.
904 3520 974 3616 Qui
991 3520 1118 3616 repulso
1136 3517 1347 3592 barbarorum
1363 3521 1488 3618 impetu
1505 3521 1577 3618 post

557 3649 671 3698 omnes
695 3623 831 3698 nauibus
856 3626 984 3716 investi,
1008 3627 1150 3722 primam
1167 3626 1364 3698 &ultimam
1392 3649 1578 3700 meruerunt

557 3756 728 3804 coronam.
758 3733 853 3802 Tunc
873 3757 951 3804 veto
973 3733 1110 3804 vidores
1136 3734 1255 3804 mutuis
1280 3734 1311 3804 se
1338 3731 1486 3806 laudibus
1502 3732 1577 3805 esse·

557 3860 673 3930 rentes,
702 3835 783 3910 dum
812 3839 843 3909 se
872 3837 1043 3910 humiliant
1067 3839 1100 3909 in
1129 3837 1287 3928 laudibus,
1317 3839 1480 3938 ingloria
1506 3841 1578 3936 plus

560 3943 659 4014 crevit
690 3941 891 4016 timidissimis
912 3939 1092 4038 quibusque
1120 3941 1256 4016 audacia
1277 3943 1444 4040 loquendi.
1482 3945 1579 4018 Mane

455 4070 547 4128 nugo„
562 4047 647 4118 faeta
675 4048 753 4119 feria
776 4047 863 4120 sexta
896 4047 1066 4120 stationem
1095 4048 1264 4140 solventes,
1301 4075 1415 4122 contra
1443 4051 1578 4122 insulam

562 4151 665 4228 Cadit
688 4179 801 4252 proras
828 4153 1011 4244 direximus,
1039 4179 1202 4250 portuque
1223 4159 1344 4253 recepti
1358 4157 1393 4228 in
1410 4157 1578 4262 magnani-
