3694 5626
554 430 600 508 80
999 445 1126 502 ous‘rn

470 689 528 738 ms
553 694 621 744 tem
633 695 689 742 eos
702 669 858 766 persecuti
874 669 1015 740 fuerunt.
1033 668 1125 740 Multi
1137 692 1215 740 vero
1229 694 1269 739 ex
1280 667 1352 760 illis,
1367 667 1423 764 qui
1435 689 1575 763 pontem

553 801 689 876 propter
714 773 954 847 multitudinem
982 772 1110 847 transire
1138 799 1206 845 non
1232 797 1419 870 potuerunt,
1445 776 1477 844 in
1504 773 1574 868 ipso

553 883 654 958 fluvio
672 883 793 956 mortui
809 885 843 953 ἃ
860 879 1011 952 submersi
1035 883 1117 972 sunt,
1134 882 1253 978 Pagani
1265 884 1301 952 dt
1313 882 1486 953 Sarraceni.
1505 879 1575 974 Qui

554 1017 593 1062 ert
614 992 677 1062 alia
696 991 806 1087 pontis
827 1014 919 1086 parte
940 988 1086 1078 aderant,
1112 989 1271 1077 timentes,
1300 1013 1342 1058 ne
1365 1009 1504 1082 pontem
1519 1011 1577 1081 per

555 1100 621 1168 vim
639 1095 814 1182 transirent,
833 1097 936 1168 nimio
951 1121 1071 1166 terrore
1084 1109 1093 1140 ¹
1108 1094 1207 1165 territi
1222 1119 1359 1190 pontem
1372 1093 1462 1164 illum
1473 1095 1575 1191 flege-

555 1229 628 1276 runt
644 1207 678 1274 δι
694 1205 728 1274 in
745 1201 845 1274 fluvio
865 1201 1037 1288 dimetunt.
1067 1197 1190 1274 Reverfi
1217 1201 1288 1270 lunt
1308 1227 1452 1296 namque
1468 1199 1575 1270 Chris·
1589 1199 1615 1245 Ρ·
1627 1197 1644 1245 t.
1659 1212 1708 1258 ¹⁰9
1723 1199 1756 1243 0-

554 1311 634 1382 tiani
650 1309 692 1380 ad
711 1310 809 1380 castra
826 1308 1044 1379 laudantes&
1061 1305 1290 1378 benedicentes
1309 1307 1502 1378 Dominum.

396 1433 508 1480 Novemb·
520 1433 542 1480 ⁶·
602 1417 641 1488 X.
665 1417 773 1488 Mense
787 1441 866 1487 vero
878 1413 1257 1486 Novembris²venientis
1269 1411 1418 1509 quodam
1430 1412 1482 1484 die
1495 1413 1577 1483 eius·

556 1521 632 1594 dem
650 1519 764 1592 mensis
791 1521 948 1618 templarii
971 1521 1097 1610 milites,
1111 1521 1146 1591 in
1164 1519 1307 1615 quadam
1324 1545 1439 1591 eorum
1460 1532 1566 1589 coca³

556 1629 721 1718 intrantes,
747 1625 882 1698 fluvium
911 1623 1039 1697 transire
1060 1625 1217 1716 volentes,
1242 1650 1277 1696 ut
1298 1624 1527 1696 detrimentum
1544 1627 1578 1694 δε
1612 1709 1615 1714 ⁸

557 1731 740 1830 dampnum
757 1735 889 1831 Paganis
906 1736 940 1802 ἃ
956 1734 1094 1804 inimicis
1110 1758 1224 1802 eorum
1243 1733 1358 1802 inferre
1373 1730 1512 1827 possent,
1531 1732 1548 1801 s
1565 1771 1579 1783 ·

556 1837 626 1924 bito
646 1865 759 1912 ventus
776 1839 900 1912 validus
919 1840 1020 1935 ipsam
1037 1852 1179 1909 cocant*
1190 1863 1265 1908 ante
1275 1839 1412 1910 civitatis
1428 1839 1579 1910 Damiate

559 1971 669 2018 muros
682 1948 827 2043 proiecit.
845 1947 925 2041 Qu
940 1945 1089 2042 cognito,
1102 1943 1189 2015 illico
1202 1947 1376 2035 Sarraceni,
1394 1970 1469 2015 cum
1481 1945 1580 2042 galeis

559 2049 727 2123 &barchis
736 2076 907 2140 currentes,
920 2051 993 2120 illos
1003 2049 1147 2146 undique
1162 2049 1492 2123 circumdederunt&
1504 2077 1580 2121 cum

561 2159 605 2228 eis
629 2157 808 2257 gravissune
825 2181 1062 2256 pugnaverunt.
1082 2155 1255 2228 Christiani
1273 2182 1382 2228 autem
1402 2160 1533 2254 egregie
1549 2157 1581 2226 se

561 2261 774 2336 defendentes
790 2264 910 2334 multos
929 2290 969 2335 ert
987 2265 1030 2334 eis
1052 2263 1289 2334 interfecerunt.
1312 2261 1375 2334 Sed
1392 2288 1468 2334 cum
1485 2263 1582 2335 vidis-

563 2369 641 2460 sent,
670 2369 762 2466 quod
784 2369 849 2442 des
867 2368 1015 2442 manibus
1032 2395 1147 2440 eorum
1173 2368 1310 2442 evadere
1326 2370 1420 2440 ιιοῃ6
1440 2368 1583 2466 pollent,

563 2480 695 2572 padlum
718 2476 889 2547 Christiani
904 2503 923 2546 a
939 2478 1118 2546 Sarracenis
1135 2478 1304 2571 petierunt.
1327 2477 1493 2547 Sarraceni
1505 2501 1583 2549 vero

564 2583 684 2654 interea
700 2607 832 2654 centum
850 2581 891 2654 de
904 2581 1080 2653 maioribus
1093 2585 1127 2652 ἃ
1140 2581 1338 2674 melioribus,
1356 2585 1412 2678 qui
1425 2581 1470 2654 ibi
1482 2606 1583 2670 erant,

564 2688 597 2758 in
612 2689 868 2760 Christianorum
885 2713 967 2758 coca
983 2687 1203 2760 ascenderunt.
1220 2689 1378 2760 Videntes
1395 2689 1460 2760 hoc
1476 2689 1584 2762 Chris·

566 2795 643 2866 tiani
661 2795 787 2886 milites,
805 2792 900 2867 valde
916 2795 988 2865 sunt
1005 2791 1132 2884 turbati,
1149 2819 1370 2866 verumtamen
1388 2795 1460 2866 sunt
1477 2821 1584 2866 recor·

566 2897 633 2971 dati
658 2899 748 2974 verbi
772 2903 920 2974 Sansonis
946 2899 1106 2971 dicentes:
1138 2905 1249 2972 Omnes
1273 2903 1388 2997 infimus
1414 2910 1585 2992 moriamur,

566 3014 713 3078 moriatur
723 3007 887 3102 samsom&
896 3015 1167 3077 moriunturontnts
1182 3013 1300 3078 inimici
1312 3015 1393 3078 eius!
1401 3009 1472 3098 (Cf.
1485 3008 1585 3099 ludd,

567 3131 644 3202 xvl,
662 3117 747 3205 20.)
769 3112 802 3184 Et
820 3114 924 3185 statim
940 3125 1082 3184 cocam⁷
1092 3113 1222 3184 inferius
1240 3113 1412 3211 fregerunt,
1432 3117 1467 3185 &
1482 3117 1585 3186 Sarra-

568 3219 641 3290 ceni
666 3243 793 3308 omnes,
827 3220 882 3314 qui
903 3220 938 3288 in
963 3245 1000 3290 ea
1026 3243 1127 3309 erant,
1158 3221 1191 3290 in
1219 3245 1304 3316 aqua
1331 3223 1403 3291 lunt
1427 3215 1584 3292 submersi

570 3323 743 3394 Christiani
760 3325 878 3410 vero,8
899 3325 932 3394 in
956 3323 1099 3419 quadam
1119 3325 1263 3422 galea&
1281 3324 1377 3398 barca
1394 3329 1586 3399 Sarraceno-

570 3456 641 3500 tum
665 3431 829 3519 intrantes,
857 3429 992 3503 fluvium
1011 3432 1147 3503 Domini
1169 3433 1285 3504 vitmte
1309 3431 1505 3504 transerunt.
1529 3433 1586 3502 Vi·
1603 3451 1637 3495 n.
1651 3449 1666 3494 f.
1679 3449 1749 3494 szc.

571 3534 650 3606 dens
683 3560 793 3608 autem
825 3534 988 3626 soldanus,
1027 3536 1118 3632 quod
1153 3539 1315 3610 Dominus
1346 3541 1452 3610 noster
1487 3539 1588 3610 llresus

572 3641 739 3714 crucifixus
759 3667 836 3714 tunc
860 3669 921 3740 pro
942 3643 1132 3717 Christianis
1148 3647 1316 3743 pugnavit,
1345 3647 1448 3716 nimio
1470 3669 1589 3716 terrore

613 3917 622 3950 t
644 3901 724 3953 Rom,
739 3929 772 3939 -
789 3901 843 3951 21³.
857 3897 1003 3950 Novembri.
1019 3915 1076 3962 —3
1094 3899 1117 3949 P.
1132 3913 1210 3949 conca
1222 3909 1250 3948 ut
1260 3896 1413 3964 inferiun-
1434 3916 1449 3958 4
1468 3899 1493 3950 P.
1508 3899 1589 3968 suppl.

573 3976 671 4030 scilicet.
695 4007 728 4018 —
752 3979 804 4045 5P.
818 3995 840 4029 a.
857 4007 892 4016 -
906 3983 920 4028 6
935 3979 972 4029 Μ.
985 3995 1031 4028 om.
1046 3993 1104 4028 non.
1118 4007 1153 4014 -
1167 3994 1180 4038 7
1194 3977 1232 4028 M.
1245 3974 1291 4044 leg.
1316 3979 1351 4027 Et
1366 3975 1444 4026 statim
1457 3977 1591 4040 sarraceni,

574 4056 654 4125 quiin
667 4073 725 4108 cora
739 4057 850 4120 aderant,
871 4073 957 4108 omnes
975 4056 1075 4108 inferius
1090 4073 1144 4108 eam
1158 4055 1291 4124 fregerunt.
1310 4085 1345 4092 —
1366 4060 1380 4106 8
1402 4055 1441 4106 Μ.
1464 4058 1526 4107 add.
1550 4054 1591 4126 qui

574 4135 600 4186 in
612 4136 678 4190 disin
692 4148 769 4189 erant.
