3688 5640
551 457 595 508 20
945 449 1161 502 ORDINAClO

554 573 704 582 -ι-ν-ρ---
723 573 729 578 .
736 571 820 578 -ύ-
829 569 944 578 --vt--—-
1240 567 1264 574 ...-
1529 568 1565 578 ,-

549 667 658 740 cordis
671 665 713 738 ad
725 664 912 737 crucifixum
921 689 983 761 pro
995 689 1027 736 te
1041 663 1227 762 suspensum
1236 667 1270 735 in
1281 688 1389 752 cruce,
1398 664 1574 759 &sequere

550 780 617 848 mel
653 773 830 845 Eustachius
848 776 883 843 δι
899 770 1088 862 Gaufridus,
1105 771 1221 842 milites
1237 769 1441 842 flandrenses
1459 773 1494 840 ἃ
1513 772 1576 842 fra-

550 906 623 972 tres,
632 879 823 952 adinvicem
835 879 1033 952 veneruntin
1041 879 1177 949 Terram
1188 879 1352 965 sannam,
1363 880 1398 948 &
1409 879 1445 948 in
1461 879 1577 975 ampli·

550 986 659 1060 cando
669 985 848 1062 Gausridus
866 1012 965 1084 grave
983 987 1099 1055 vulnus
1117 985 1239 1079 recepit
1254 986 1299 1074 ἃ,
1316 1007 1496 1078 antequam
1511 987 1586 1082 ipse«

550 1095 723 1182 sanaretur,
741 1091 914 1163 Christiani
926 1117 1002 1161 cum
1015 1091 1194 1162 Sarracenis
1208 1087 1332 1161 bellum
1341 1092 1493 1182 inierunt,
1502 1117 1578 1162 cum

551 1202 618 1298 ipse
644 1198 836 1290 Gausridus,
861 1197 1046 1268 infirmitate
1069 1197 1210 1268 vulneris
1239 1221 1401 1294 gravatus,
1430 1195 1579 1269 interesse
1837 1193 1838 1202 ¹

552 1331 621 1377 non
646 1307 754 1402 potuit
778 1308 813 1375 &
837 1305 912 1375 ideo
939 1305 1068 1401 rogavit
1091 1303 1223 1375 fratrem
1250 1303 1342 1374 suum
1369 1303 1578 1396 Eustachium,

553 1410 645 1508 quod
663 1411 729 1508 ipse
747 1435 815 1480 non
833 1412 964 1483 intraret
976 1407 1109 1500 bellum,
1124 1407 1179 1480 sed
1192 1435 1250 1506 per
1261 1431 1312 1482 xv
1329 1409 1397 1481 dies
1414 1411 1578 1508 exspedla·

552 1541 611 1606 ret,
625 1515 733 1588 donec
747 1543 804 1614 per
812 1519 875 1587 Dei
888 1517 1043 1613 graciam,
1053 1517 1187 1588 sanitate
1200 1541 1398 1611 recuperata,
1412 1518 1579 1588 consortes

553 1623 676 1695 bellum
708 1625 836 1694 inirent.
874 1620 1053 1719 Respondit
1079 1647 1188 1693 autem
1217 1621 1396 1694 Eustachius
1421 1647 1579 1718 tanquam
1837 1695 1838 1702 ,

553 1755 646 1803 vetus
664 1729 753 1800 miles
773 1729 890 1799 Christi
907 1729 1104 1825 cupiensque
1122 1731 1244 1820 diffolvi
1261 1730 1360 1822 &effe
1378 1757 1443 1800 cum
1461 1733 1579 1822 Christo
1837 1727 1838 1806 l

555 1835 657 1928 (Phil,
685 1855 709 1926 1,
737 1837 798 1932 23)
821 1868 828 1905 :
855 1833 992 1906 Differre
1013 1834 1104 1925 nolo,
1138 1836 1218 1930 quin
1247 1833 1405 1907 invadam
1428 1837 1617 1906 inimicosn
1634 1853 1756 1916 saw.
1767 1870 1785 1902 1.
1837 1813 1838 1882 l

555 1940 708 2032 crucifixi,
727 1948 809 2012 «kar
827 1967 918 2034 grant
940 1967 1086 2034 ovanrnge
1102 1949 1225 2012 nueroie
1242 1945 1280 2012 de
1295 1950 1380 2012 venir
1406 1948 1512 2012 aven
1532 1969 1578 2014 xv.

555 2053 620 2118 iurs
633 2051 706 2142 psas
722 2073 766 2116 rot
777 2055 812 2117 le
828 2073 892 2136 vus,
904 2077 921 2108 υ
933 2050 968 2118 &
980 2049 1037 2117 ivit
1047 2048 1080 2117 in
1091 2045 1212 2118 bellum
1225 2050 1391 2139 &martyr
1401 2049 1464 2119 Dei
1478 2048 1581 2120 sacius

556 2155 609 2225 est.
650 2155 726 2224 Hoc
744 2151 856 2223 audito
883 2179 902 2222 a
920 2177 1022 2222 matre
1040 2153 1195 2248 ipsorum,
1213 2154 1282 2248 ipsa
1298 2153 1443 2226 laudavit
1460 2154 1582 2245 Deum,

556 2258 648 2357 quod
669 2260 737 2354 ipse
764 2261 809 2330 ita
838 2259 1008 2354 respexerit
1032 2285 1120 2346 eam,
1145 2257 1238 2354 quod
1261 2261 1330 2356 ipsa
1353 2259 1457 2331 filium
1484 2261 1583 2332 talem

556 2367 693 2464 peperit,
716 2367 771 2461 qui
794 2366 823 2435 ei
839 2367 897 2434 suit
913 2364 1088 2461 placabilis.
1108 2365 1193 2454 Socij
1212 2363 1320 2438 lacobi
1336 2366 1378 2438 de
1395 2367 1583 2440 Aventbnes

557 2473 667 2544 militis
685 2471 832 2542 dixerunt
850 2505 857 2542 :
876 2473 960 2560 Socij
981 2472 1095 2540 nostris
1109 2496 1225 2542 omnes
1242 2475 1435 2563 moriuntur,
1454 2473 1584 2545 receda-

557 2605 664 2650 musa
681 2578 856 2670 Saracenis,
876 2581 910 2648 ἃ
932 2575 1067 2648 lacobus
1091 2576 1180 2668 dixit,
1207 2584 1289 2649 «1011
1304 2581 1465 2673 ireieplus
1482 2583 1584 2651 volen-

556 2691 630 2756 riers
648 2688 679 2755 ld
693 2714 711 2754 u
724 2712 779 2755 nus
793 2691 878 2755 home
891 2712 926 2754 ne
942 2713 988 2754 me
1001 2691 1162 2776 conestreir.
1171 2718 1189 2748 n
1209 2684 1250 2755 Ex
1263 2710 1330 2780 quo
1344 2711 1424 2784 ergo
1437 2686 1585 2756 morituri

557 2792 638 2882 estis,
657 2793 774 2888 surgite
792 2791 922 2880 scilicet,
939 2814 975 2860 ut
990 2792 1024 2860 in
1041 2815 1147 2861 morte
1160 2793 1195 2861 ἃ
1208 2815 1267 2886 per
1282 2815 1426 2865 mortem
1438 2793 1585 2864 invenia-

558 2923 630 2969 mus
645 2899 763 2970 vitam!

608 3008 698 3074 ltem:
708 3004 739 3074 Si
753 3005 823 3098 quis
836 3000 958 3073 habens
969 3003 1127 3074 talentum
1140 3028 1209 3074 non
1222 3003 1327 3098 ipsum
1341 3001 1447 3099 posset
1459 3006 1586 3102 semper

558 3111 704 3200 retinere,
726 3107 781 3179 sed
803 3133 970 3204 oporteret
992 3107 1034 3178 de
1051 3107 1232 3179 neceffitate
1253 3133 1294 3180 eo
1321 3133 1440 3199 carere,
1466 3113 1583 3208 &ipse

558 3241 620 3314 pm
637 3217 708 3313 ipso
726 3213 818 3286 bono
836 3215 959 3286 talento
977 3211 1102 3284 bonam
1118 3214 1264 3310 aliquam
1278 3215 1443 3286 civitatem
1460 3218 1513 3288 vel
1528 3219 1583 3289 ali·

559 3321 652 3418 quod
669 3323 772 3392 maius
790 3319 917 3392 bonum
933 3321 1010 3391 iuste
1026 3323 1061 3391 ἃ
1077 3319 1212 3417 pacifice
1232 3319 1338 3417 posset
1354 3318 1483 3414 habere,
1500 3350 1583 3396 non·
1599 3335 1602 3340 '

560 3455 601 3500 ne
627 3427 731 3499 fatuus
754 3424 843 3515 esset,
873 3425 894 3496 st
919 3429 1025 3524 ipsum
1048 3452 1109 3523 pro
1133 3427 1261 3524 penitus
1288 3427 1389 3498 nihilo
1415 3426 1516 3520 daret,
1533 3431 1585 3502 vel

559 3534 666 3629 ipsum
678 3531 849 3604 amittendi
865 3534 920 3629 spe
933 3534 966 3603 in
980 3531 1137 3631 ambiguo
1156 3535 1321 3606 retineret?
1339 3533 1514 3606 Talentum
1528 3533 1585 3607 tibi

562 3637 771 3710 commissum
796 3637 904 3730 babes,
934 3640 1054 3711 scilicet
1079 3642 1180 3712 vitam
1203 3639 1431 3735 temporalem,
1454 3667 1519 3737 qua
1542 3641 1585 3713 de

561 3743 742 3817 necesfitate
760 3744 892 3837 carebis,
915 3748 1074 3841 quoniam
1093 3747 1176 3816 mori
1200 3743 1314 3817 esttibi
1330 3745 1525 3820 inevitabile.
1543 3747 1585 3819 Ex

564 3878 631 3948 quo
653 3878 733 3950 ergo
758 3853 886 3948 potestis
907 3877 969 3950 pro
994 3879 1032 3922 ea
1056 3849 1174 3924 habere
1200 3851 1357 3951 gaudium
1382 3877 1530 3925 eternum
1549 3857 1585 3925 δε

563 3962 687 4047 Deum,
722 3985 789 4054 quo
822 3958 901 4029 nibil
928 3959 971 4030 est
1005 3959 1134 4048 melius,
1173 3959 1278 4031 fatuus
1306 3987 1359 4050 es,
1392 3958 1413 4030 st
1446 3961 1584 4058 respuas,

565 4067 710 4136 moriaris
727 4090 806 4164 ergo
824 4067 857 4135 in
876 4091 970 4138 cruce
994 4091 1055 4162 pro
1077 4065 1218 4156 christo,
1248 4070 1283 4137 δι
1302 4069 1409 4163 ipsum
1435 4067 1585 4143 habebis!
1599 4093 1778 4156 aesna.

565 4171 666 4274 Surge
684 4197 776 4274 ergo,
785 4175 873 4272 sume
889 4200 1001 4244 crucem
1027 4201 1132 4262 meum,
1152 4175 1215 4244 διε.
1237 4173 1380 4266 (Maru,
1408 4193 1484 4263 XVI,
1514 4187 1584 4273 24).
