3688 5640
477 559 782 614 CRUCIGERORUM
809 559 1093 612 RHENANORUM.
1257 563 1299 638 41

277 784 395 855 locata.
422 782 542 854 lnsiniti
559 785 664 854 eciam
690 781 743 874 alij
765 785 799 852 δι
824 782 973 880 theologi
993 784 1028 852 in
1049 779 1183 878 patiensr
1214 781 1306 852 sonte
1337 793 1395 839 12¹8

278 893 389 962 nutriti
401 915 441 963 ex
449 888 635 961 inordinata
647 887 745 978 dieta,
759 885 942 960 dissenteria
955 891 1135 960 comitante
1148 891 1183 959 &
1196 888 1306 960 calore

279 997 402 1069 cundlis
420 993 563 1068 febribus
580 996 732 1085 forciore,
750 1019 891 1092 corpora
903 995 958 1064 sua
974 995 1073 1066 Terre
1091 997 1219 1086 San6le‚
1237 998 1306 1068 ani·

279 1130 349 1176 mas
368 1129 448 1174 vero
465 1102 533 1172 filio
552 1101 697 1200 Virginis
719 1102 884 1196 reliquere.
902 1101 972 1171 Post
997 1100 1179 1199 predislum
1203 1103 1308 1172 comi·

280 1237 347 1284 tem
372 1211 498 1306 semper
518 1205 783 1296 memorandum,
814 1233 925 1278 comes
954 1207 1120 1279 Geratdus
1146 1206 1188 1279 de
1206 1207 1308 1280 Wide

281 1322 314 1389 in
334 1319 454 1389 milicie
472 1316 647 1388 dominum
664 1344 683 1386 a
699 1316 887 1386 Teutonicis
906 1319 1126 1389 communiter
1140 1331 1148 1363 ¹
1162 1317 1307 1414 eligitur.

60 1448 161 1508 v.,t.s.
172 1451 268 1504 enea.
282 1429 325 1498 At
342 1425 394 1496 ille
412 1451 482 1495 non
500 1426 609 1496 minor
623 1424 748 1511 anirn0,
768 1449 868 1518 quam
886 1449 1026 1520 corpore
1043 1425 1128 1497 viros
1146 1423 1309 1496 &milites

281 1529 506 1604 strenuissimos
515 1529 558 1601 ad
571 1528 718 1600 officium
730 1527 875 1626 predisle
890 1532 980 1602 navis
994 1530 1156 1602 ordinavit
1169 1529 1310 1628 stngulos

282 1639 325 1712 ad
342 1640 416 1710 suos
433 1635 560 1709 labores
578 1637 734 1735 sagaciter
751 1635 955 1732 deputando,
974 1637 1046 1732 post
1063 1637 1133 1728 hec,
1156 1638 1311 1707 oracione

282 1747 324 1818 ad
342 1747 524 1817 Dominum
548 1743 626 1832 fusa,
652 1745 687 1813 δι
709 1741 751 1813 ad
770 1745 914 1816 Crucem
939 1744 1082 1814 landam
1108 1744 1311 1839 processione

283 1851 482 1949 devotisfime
499 1853 641 1946 perassa,
655 1851 745 1920 navis
763 1849 931 1920 christiana
947 1851 979 1919 in
998 1851 1128 1946 aspedlu
1140 1865 1155 1898 ²
1166 1849 1312 1922 terribilis

282 1959 338 2032 sed
355 1959 476 2031 decora
498 1956 551 2030 die
569 1958 656 2028 Beati
675 1955 824 2052 Apostoli
846 1955 1065 2027 Bartholomei
1089 1982 1165 2028 cum
1185 1981 1311 2055 magno
1324 1975 1383 2033 Aut·
1397 1985 1434 2030 ²4·

281 2066 393 2139 labore
408 2063 451 2136 ad
467 2065 580 2135 turrim
593 2060 736 2134 trahitur.
755 2063 903 2133 [contra
918 2065 1040 2162 pagani
1053 2061 1096 2134 ad
1110 2065 1223 2134 omnia
1240 2063 1311 2134 sub-

284 2172 411 2244 tilissrmi
442 2169 485 2242 ad
516 2166 745 2240 destruendum
776 2191 916 2264 pontem
943 2169 1110 2242 machinas
1137 2170 1311 2241 collocant.

69 2276 640 2374 saranescumquemuudum,
660 2277 692 2344 in
719 2275 869 2345 Domino
895 2277 960 2346 iarn
986 2277 1117 2374 iamque
1135 2277 1312 2372 triumpha·

286 2413 367 2475 tura,
398 2383 442 2457 ad
464 2384 683 2454 summitatem
708 2385 799 2453 turris
824 2384 1184 2480 applicaretur,4scala‚
1207 2382 1314 2455 cordis

288 2498 347 2568 suis
364 2516 541 2591 parumper
564 2488 686 2578 laxatis,
712 2492 787 2560 turri
810 2487 971 2562 demislius
996 2492 1040 2562 esl
1069 2489 1244 2588 suppressa,
1273 2491 1315 2563 de

286 2626 352 2699 qua
373 2597 527 2672 vexillifer
550 2594 640 2666 ducis
663 2597 797 2688 Austris,
813 2598 956 2692 primum
975 2598 1118 2694 aspirans
1135 2600 1315 2692 introitum,

288 2706 410 2778 decidit
427 2707 461 2775 ἃ
477 2701 520 2774 stc
533 2727 595 2799 pro
614 2703 707 2773 sociis
716 2701 758 2772 ad
777 2700 1033 2802 filiumVirginis
1051 2704 1254 2776 exorandum
1272 2707 1316 2776 est

289 2811 471 2910 destinatus.
488 2813 559 2884 Nec
575 2837 681 2901 mora,
699 2811 864 2882 Sarraceni
886 2811 978 2906 super
996 2811 1122 2882 nostros
1140 2811 1264 2908 lapides
1282 2816 1317 2884 ἃ

289 2919 421 3018 sagittas
438 2920 548 3017 pluere
564 2915 618 2991 vifi
639 2919 710 2988 sunt
726 2919 774 3004 ἃ,
790 2916 882 3012 quod
901 2919 1032 3015 gravius
1050 2919 1105 3008 est,
1122 2920 1235 3015 ignem
1252 2917 1318 2992 stne

292 3027 441 3098 mensura
467 3025 653 3122 proficiunt,
678 3022 721 3094 ad
735 3025 825 3094 cuius
842 3029 1000 3095 attadlum
1017 3023 1100 3095 scala
1116 3023 1318 3122 impetuosts·

80 3143 247 3204 v.,f.7,r⁰,e.
260 3157 278 3190 ¹·
291 3132 368 3205 srme
389 3133 434 3205 est
453 3132 612 3204 succensa.
630 3131 728 3202 Nunc
751 3129 859 3223 dolor,
878 3156 968 3203 nunc
988 3131 1148 3228 plandlus
1172 3132 1318 3228 ploratus

292 3245 327 3312 &
344 3239 479 3312 ululatus
496 3265 516 3310 a
532 3237 646 3309 nostris
671 3239 713 3311 ad
741 3263 860 3310 terram
878 3263 950 3309 toto
977 3265 1127 3337 corpore,
1149 3238 1192 3311 ad
1209 3241 1319 3312 Deum

294 3347 363 3417 solo
381 3345 481 3417 cor'tle
498 3342 636 3444 profusis
648 3357 660 3406 5
673 3345 717 3416 est
734 3344 872 3436 auditus,
885 3345 1067 3442 patriarcha
1080 3347 1188 3418 eciam
1211 3346 1319 3418 lhero-

294 3452 493 3524 solimitanus
510 3475 672 3522 coronam
685 3452 798 3548 capitis
815 3452 862 3522 liri
878 3449 999 3524 harena
1015 3455 1050 3525 δι
1065 3453 1197 3551 pulvere
1213 3453 1320 3524 humi·

293 3557 365 3630 liter
381 3557 627 3668 conspergebat.

343 3665 378 3737 Et
390 3693 478 3755 ecce,
494 3668 578 3766 ignis
592 3663 772 3738 diabolicus
787 3693 845 3763 per
857 3666 1007 3737 lacrimas
1021 3668 1175 3738 Sanslum
1188 3665 1321 3737 Bartho-

296 3769 441 3844 lomeum
459 3770 501 3844 stc
517 3773 749 3845 invocancium
766 3773 810 3843 est
828 3772 1009 3844 exstinslus.
1029 3771 1081 3843 Ad
1100 3799 1246 3871 pugnam
1263 3773 1322 3842 ita-

298 3903 361 3972 que
374 3878 429 3970 filij
442 3879 506 3950 Dei
516 3877 663 3968 redeunt,
673 3877 786 3950 lancea
796 3881 830 3949 &
842 3876 974 3976 cuspide
987 3879 1137 3952 inimicos
1152 3878 1323 3970 invadunt,

298 3981 405 4082 sthue
430 3984 517 4058 halle
544 3986 763 4082 perminima
787 3985 888 4057 stadie
916 3985 950 4055 in
970 3989 1045 4056 ae'ra
1069 4011 1161 4058 more
1184 3985 1324 4058 telorum

298 4092 488 4164 volantium
500 4089 649 4164 restliunt.
663 4089 717 4162 Ad
733 4091 894 4183 ultimum,
911 4089 993 4161 hora
1005 4091 1213 4189 vesperorum
1228 4093 1324 4184 sada,

337 4279 348 4310 r
365 4261 393 4312 V.
405 4260 518 4313 comiter.
528 4291 563 4299 -
576 4280 591 4312 2
602 4261 628 4312 B.
634 4257 739 4327 supplet.
750 4287 784 4297 —
883 4277 901 4322 4
912 4259 935 4308 V
936 4297 942 4308 .
954 4257 1145 4326 applicarentur.
1159 4287 1193 4296 -—
1208 4257 1254 4323 53.
1268 4273 1324 4326 pro-

303 4357 315 4405 3
332 4341 361 4391 Υ.
375 4339 502 4410 omnique.
848 4336 900 4414 sust.

1116 4447 1131 4498 6
