3658 5616
585 519 648 594 162
837 509 841 516 ’
865 539 976 592 tinnit
999 539 1150 592 nuncin
1173 490 1398 590 cnnrsrinnr

468 739 562 848 troii?
576 787 681 834 nonas
700 758 907 848 Novembris,
925 758 1033 831 media
1051 762 1150 831 noste
1169 760 1299 857 Pagani‚
1325 759 1411 828 clam
1428 761 1606 854 venientes,

576 871 716 943 excubiis
734 866 982 957 dormientibus,
995 868 1086 939 letias
1106 869 1230 938 nostras
1243 865 1309 939 stne
1326 866 1491 939 obstaculo
1508 868 1605 938 intra-

575 1003 691 1048 verunt
703 975 1069 1074 appropinquantesque
1083 977 1240 1065 tentoriis,
1253 975 1368 1045 mulier
1378 971 1532 1069 quedam,
1548 999 1605 1044 eos

575 1083 712 1154 sentiens
730 1107 768 1152 ac
786 1083 932 1178 Paganos
954 1077 1030 1170 esse,
1052 1081 1269 1177 cognoscens,
1296 1079 1431 1178 egresla,
1454 1081 1606 1152 clamavit

575 1190 640 1260 alta
658 1215 741 1260 voce
761 1186 887 1258 dicens:
910 1195 1033 1281 Pagani
1050 1194 1233 1258 intraverunt
1255 1193 1425 1258 civitatem!
1450 1187 1605 1258 ineuntes

574 1319 685 1366 autem
709 1295 891 1386 Christiani,
917 1319 984 1364 tam
1006 1294 1118 1384 vestiti,
1138 1319 1239 1389 quam
1264 1294 1355 1386 nudi,
1380 1319 1441 1364 nec
1463 1319 1605 1364 mortem

575 1427 636 1498 pro
653 1401 770 1472 Christi
784 1403 931 1485 nomine,
951 1425 1012 1470 nec
1029 1401 1133 1471 iacula
1153 1400 1378 1490 formidantes,
1399 1427 1458 1497 per
1475 1399 1605 1498 gladios

574 1530 732 1580 venerunt
749 1505 791 1576 ad
809 1531 877 1576 eos.
899 1505 1077 1578 Audientes
1103 1533 1212 1578 autem
1230 1508 1390 1603 templarij
1408 1509 1442 1578 &
1460 1508 1627 1604 hospita·

575 1617 654 1708 larij,
681 1639 784 1710 quum
802 1611 844 1684 ad
862 1639 919 1684 eos
935 1612 1114 1701 intrassent,
1139 1641 1350 1688 occurrerunt
1368 1619 1420 1689 eis.
1440 1616 1605 1688 Sarraceni

574 1747 694 1810 autem,
712 1718 929 1790 exorbitantes
947 1719 988 1790 de
1009 1722 1072 1810 via,
1096 1723 1129 1792 in
1151 1723 1225 1792 loca
1238 1724 1361 1818 aquosa
1375 1749 1601 1818 pervenerunt,

572 1826 683 1922 ibique
701 1823 795 1896 occis
815 1825 943 1897 fuerunt
957 1825 1136 1898 ducenti&
1150 1831 1306 1924 quinque,
1323 1832 1358 1900 ἃ
1370 1831 1458 1927 capti
1476 1831 1605 1904 fuerunt

574 1935 748 2031 sexaginta,
760 1935 795 2002 &
808 1930 940 2002 ducenti
955 1931 1108 2003 undecim
1118 1935 1282 2006 civitatem
1296 1938 1506 2026 intraverunt,
1519 1962 1603 2032 quos

573 2040 671 2110 etiam
685 2038 833 2110 mulieres
846 2037 1048 2129 occiderunt,
1065 2041 1099 2109 ἃ
1113 2066 1175 2134 que
1191 2042 1270 2112 mihi
1283 2042 1470 2134 retulerunt,
1488 2043 1603 2114 decern

573 2147 617 2216 eis
635 2144 835 2215 occiderunt.
854 2145 905 2215 Sic
923 2144 1066 2216 Christus
1083 2171 1143 2216 nos
1161 2147 1292 2219 adiuvit.
1311 2149 1406 2220 Tunc
1419 2149 1602 2239 Christiani,

572 2251 736 2322 mittentes
762 2253 870 2347 capita
891 2253 1135 2324 interseslorum
1162 2253 1204 2325 ad
1230 2252 1404 2327 soldanum
1428 2256 1602 2351 proiicien-

573 2357 683 2452 tesque
701 2383 841 2453 corpora
859 2384 975 2429 eorum
989 2383 1064 2430 ante
1078 2385 1188 2430 muros
1205 2362 1341 2432 civitatis
1356 2361 1602 2458 respuentesque

573 2468 716 2557 padlum,
731 2489 887 2559 ceperunt
899 2487 1033 2561 gentem
1042 2465 1186 2538 dividere
1194 2493 1257 2564 pro
1269 2467 1403 2539 stabula.
1421 2467 1480 2538 slsis
1493 2491 1603 2540 autem

574 2570 607 2638 in
627 2567 824 2640 adiutorium
843 2596 911 2642 non
929 2595 1088 2643 venerunt
1106 2570 1161 2642 nist
1180 2575 1285 2668 pauci.

876 2786 1019 2876 Qualiter
1036 2811 1121 2879 capta
1131 2791 1200 2877 suit
1218 2791 1296 2856 urbs.

465 2994 558 3056 Nous·
621 2995 766 3066 siv-LV.
796 2999 873 3064 stem
900 2997 934 3063 in
951 3021 1055 3066 nonas
1081 2993 1287 3084 Novembris,
1313 2993 1346 3065 id
1374 2994 1419 3065 est
1437 2996 1471 3064 in
1492 2993 1602 3090 vigilia

573 3103 680 3174 Sandli
698 3099 869 3188 leonardi,
897 3101 929 3170 in
948 3101 1055 3172 media
1075 3105 1182 3192 nosse,
1209 3104 1241 3172 in
1268 3127 1332 3196 qua
1359 3101 1439 3172 hora
1458 3099 1601 3171 Christus

572 3211 736 3279 infernum
761 3208 959 3303 exspoliavit,
986 3207 1158 3279 Christiani
1183 3207 1301 3278 scalam
1326 3209 1502 3303 posuerunt
1519 3202 1600 3276 iussu
1615 3222 1631 3271 f.
1645 3228 1723 3272 1822.

571 3313 669 3411 legati
686 3318 720 3384 dt
738 3319 820 3412 regis
848 3316 941 3410 sirpra
964 3340 1094 3384 murum
1119 3315 1255 3384 civitatis
1276 3315 1438 3384 Damiate.
1459 3314 1600 3384 Descen·
1821 3313 1822 3316 ’

573 3419 723 3492 dentibus
742 3445 851 3492 autem
869 3421 941 3510 illis,
962 3420 1044 3491 scala
1056 3421 1164 3491 ‘fratta
1181 3419 1237 3505 est,
1256 3420 1290 3489 δε
1307 3420 1453 3514 quinque
1466 3416 1508 3489 de
1527 3418 1599 3488 nos·

572 3529 625 3600 tris
643 3529 725 3597 intra
754 3527 976 3598 remanserunt
993 3527 1208 3597 exclamantes
1227 3525 1368 3598 fortiter:
1394 3529 1522 3595 osdiuva
1547 3551 1600 3594 nos

572 3640 657 3703 Deus
679 3639 713 3703 ob
732 3641 870 3703 sonorem
889 3637 997 3702 Sansle
1016 3637 1124 3703 Crucis
1135 3638 1147 3700 s
1158 3631 1273 3729 Nostri
1291 3656 1411 3722 autent,
1429 3630 1526 3702 aliam
1543 3629 1601 3700 ad·

572 3739 725 3810 ducentes
740 3739 870 3826 scalam,
889 3735 1125 3810 descenderunt
1142 3739 1331 3808 catervatim
1348 3736 1390 3806 ad
1408 3735 1601 3830 obsequium

571 3844 733 3916 Crucifixi.
753 3845 962 3940 l-los'pitalarij
980 3870 1090 3915 autem
1107 3847 1141 3915 ἀ
1168 3843 1340 3940 templarii,
1360 3869 1399 3914 ex
1420 3842 1483 3912 alia
1508 3865 1601 3936 parte

570 3952 735 4021 venientes
759 3953 792 4020 dt
820 3947 972 4020 fossatum
994 3953 1161 4038 intrantes,
1187 3952 1296 4046 gracia
1318 3951 1381 4020 Dei
1405 3946 1600 4042 posterulam

569 4058 762 4127 invenerunt
803 4051 951 4152 ape'rtam
990 4057 1207 4149 intrantesque
1241 4081 1340 4126 turres
1378 4052 1600 4125 ascenderunt.

570 4163 688 4258 Pagani
706 4187 784 4233 vero
801 4164 898 4257 pauci
911 4187 1002 4231 erant
1019 4161 1061 4231 ad
1076 4159 1319 4266 defendendam
1338 4161 1513 4248 civitatem,
1526 4159 1602 4253 quia

570 4267 659 4335 Deus
694 4267 800 4336 noster
825 4268 967 4336 maxima
996 4267 1095 4364 plaga
1119 4263 1315 4362 percusserat
1347 4289 1414 4354 eos,
1448 4265 1601 4360 plurima-
