3694 5626
415 927 767 1050 mummii
791 925 870 1017 ou
896 925 1118 1017 nouum
1247 1066 1249 1072 W

627 1203 681 1276 DE
705 1203 891 1274 DOMINO

265 1439 613 1593 nouimus
649 1482 824 1588 neon
854 1478 1247 1584 iiiusmiu
1286 1557 1289 1564 .

166 2205 200 2236 .2
389 2161 474 2285 iffi
499 2167 598 2236 uuo
628 2168 766 2236 oomiii
787 2167 1000 2257 uccxvu,
1026 2167 1211 2243 indiccione
1238 2175 1281 2258 vj,
1299 2189 1365 2236 1212.

273 2251 337 2366 J'gisa
418 2254 442 2333 ‘i
451 2264 456 2331 Ϊ
499 2274 607 2342 mense
620 2273 707 2363 Maii,
724 2299 880 2369 regnante
893 2271 1034 2344 domino
1049 2300 1125 2371 rege
1140 2275 1282 2346 iohanne

350 2360 479 2497 κάρ
499 2382 530 2450 in
554 2377 696 2481 partibus
727 2379 948 2470 lherosolimis,
975 2377 1138 2476 predidius
1163 2409 1216 2452 rex
1249 2385 1283 2452 &

274 2514 288 2535 ν
348 2542 402 2552 ,.
482 2484 564 2555 dux
582 2485 705 2556 Austrie
722 2489 756 2556 ἃ
783 2485 941 2580 templarii
967 2490 1002 2557 &
1026 2486 1223 2582 hospitalarii
1249 2490 1284 2558 &

256 2596 436 2691 patriarcha
455 2619 531 2664 cum
548 2593 656 2662 mustis
681 2589 902 2662 comitibus&
919 2589 1097 2664 baronibus
1114 2591 1284 2664 consilium

258 2703 411 2792 fecerunt,
435 2702 480 2770 ire
502 2702 534 2770 iu
552 2699 714 2796 Egyptum
736 2699 829 2795 super
854 2723 1003 2796 paganos
1022 2696 1285 2770 destruendos&

256 2807 298 2878 ad
315 2805 552 2879 vindicandum
569 2804 711 2877 dedecus
730 2833 810 2876 terre
827 2805 934 2877 sande
954 2807 1129 2877 ierusalem.

308 2919 340 2985 ΙΙ.
360 2915 482 3004 Sciatis,
496 2911 589 3007 quod
604 2937 719 2982 omnes
731 2912 994 2983 Christiathelete
1006 2913 1040 2982 in
1054 2912 1166 2984 medio
1176 2916 1285 2985 mense

258 3019 333 3112 Maij
346 3022 379 3091 in
392 3047 490 3093 naves
500 3020 723 3092 ascenderunt.
741 3025 772 3090 sn
785 3019 837 3090 die
846 3017 1048 3090 Ascensionis
1060 3022 1095 3089 ὅ(
1104 3020 1286 3115 insequenti
1299 3033 1353 3094 Mai·
1368 3048 1403 3093 ι4·

259 3125 447 3198 ebdomada
464 3129 498 3198 in
521 3127 574 3198 die
591 3128 700 3197 Martis
717 3129 749 3196 in
768 3127 929 3224 Egyptum
946 3124 1190 3198 descenderunt.
1216 3129 1286 3224 Qui
1300 3137 1355 3198 Md·
1366 3151 1404 3198 29·

260 3259 335 3304 cum
347 3232 425 3306 esset
437 3237 471 3305 in
485 3232 654 3306 obsidione
668 3236 831 3326 Damione,
848 3235 881 3306 in
898 3261 962 3330 qua
976 3261 1067 3308 natus
1086 3238 1147 3307 fuit
1159 3239 1286 3328 Moyses

260 3344 294 3411 ἃ
303 3343 403 3412 Maria
415 3341 601 3440 Egyptiaca,
614 3344 777 3414 constituti
790 3343 824 3412 in
834 3341 977 3438 quadam
989 3344 1091 3414 insula
1104 3345 1186 3415 inter
1198 3371 1286 3415 mare

261 3451 295 3518 &
313 3445 457 3536 fluvium,
485 3448 541 3543 qui
565 3446 681 3519 dicitur
698 3446 848 3520 rubrates.
877 3455 910 3519 sn
927 3475 991 3546 qua
1008 3450 1110 3520 insula
1127 3450 1287 3546 propheta

262 3555 408 3625 ieremias
422 3579 515 3624 natus
529 3555 583 3642 est,
602 3558 636 3625 &
650 3557 753 3626 eciam
766 3556 884 3627 domus
902 3557 968 3626 eius
980 3555 1088 3626 adhuc
1102 3582 1288 3653 comparet3

263 3657 490 3732 tribulaciones
507 3663 542 3732 ἃ
559 3661 690 3760 gaudia,
717 3689 780 3758 que
797 3661 843 3735 ibi
858 3661 936 3758 passi
954 3664 1083 3756 fuimus,
1105 3663 1199 3736 vobis
1217 3663 1287 3736 bre·

263 3771 344 3841 viter
360 3767 543 3864 disponam.
795 3787 797 3792 '

314 3879 358 3945 sss.
379 3877 590 3948 Contristavit
604 3879 693 3947 enim
706 3903 765 3948 nos
779 3878 973 3950 multociens
991 3877 1134 3976 quedam
1147 3882 1289 3952 munitis-

265 3981 343 4054 sima
356 3985 457 4072 turris,
478 4008 541 4079 que
555 3985 650 4080 super
661 3984 829 4082 lignorum
841 3999 850 4032 ¹
874 3989 1039 4084 congerie,
1053 3988 1087 4058 in
1107 3985 1218 4059 medio
1232 3985 1290 4060 flu-

305 4215 314 4252 ι
333 4199 390 4256 cod.
402 4197 535 4270 signorum.
