3694 5626
521 531 572 584 us
596 533 754 586 returns
779 533 979 588 rnrsouuu.
1214 515 1255 589 61

238 753 377 851 scopulis
393 753 564 849 preclul'us,
584 752 752 848 quandam
769 751 810 824 de
828 753 962 826 navibus
979 754 1092 825 nostris
1111 779 1179 826 non
1196 752 1261 826 stne
1276 785 1334 833 1217

237 884 363 958 magno
375 859 520 956 periculo
533 862 668 956 recepit,
682 883 788 930 cetere
800 886 877 931 vero
886 883 973 932 extra
983 882 1116 956 portum
1125 859 1158 932 in
1168 861 1261 936 cons·¹

238 969 336 1063 pedu
364 965 574 1061 scopulorum
601 963 752 1038 anchoris
781 965 876 1036 miffis
901 967 935 1036 in
964 967 1108 1064 angustia
1137 967 1262 1063 spiritus

240 1076 373 1143 noctem
389 1095 574 1169 exegerunt.
591 1072 689 1142 Mane
707 1097 817 1142 autem
836 1073 924 1142 farlo
937 1073 1039 1144 ventis
1055 1069 1262 1146 suadentibus

156 1208 227 1253 ιη.
240 1181 357 1249 iterum
393 1179 453 1249 iter
480 1200 720 1273 attemptantes,
747 1177 802 1248 sed
833 1202 914 1250 voto
943 1175 1093 1268 fraudati,
1130 1201 1264 1274 portum

240 1283 337 1354 Silere
348 1285 547 1374 intravimus,
563 1281 618 1355 ubi
628 1287 663 1354 in
676 1285 814 1382 grangia
827 1286 936 1381 portui
948 1283 1097 1380 proxima
1109 1280 1263 1355 abbatem

195 1480 198 1486 Ι
240 1389 282 1460 de
297 1387 444 1461 nlcubaz
468 1389 590 1461 ordinis
611 1387 825 1461 Cistetciensrs
843 1391 1058 1462 ¹invenimus.
1085 1390 1115 1458 Α
1136 1413 1205 1484 quo
1222 1389 1264 1462 de

240 1495 297 1568 litu
314 1519 395 1567 terre
411 1499 447 1567 ἃ
463 1519 621 1593 portuum
642 1493 831 1567 difficultate
856 1497 957 1566 multa
973 1493 1163 1566 audivimus.
1194 1495 1264 1592 Qui

239 1604 339 1673 etiarn
358 1601 442 1672 inter
464 1626 570 1673 cetera
594 1599 689 1674 nobis
713 1602 830 1692 retulit,
861 1603 995 1697 qualiter
1016 1601 1164 1697 magister
1180 1603 1264 1698 regis

239 1707 281 1780 de
298 1706 432 1780 Maroch
457 1707 499 1778 ad
526 1707 627 1778 fidem
655 1707 797 1778 nostram
821 1707 995 1778 conversus
1016 1706 1129 1803 palam
1151 1730 1264 1777 coram

239 1839 316 1911 rege
332 1811 523 1912 predicavit,
540 1840 679 1912 regnum
699 1811 791 1910 ipsius
807 1813 907 1884 finem
924 1810 1109 1884 habiturum
1127 1815 1162 1884 in
1185 1838 1264 1910 pro-

238 1923 336 1992 ximo
365 1921 446 2018 Quo
463 1918 506 1990 ad
522 1917 639 1991 iussum
655 1921 738 2017 regis
751 1920 933 2009 interfeclo,
948 1918 1032 1990 filius
1051 1921 1118 1990 eius
1139 1921 1174 1988 in
1191 1919 1264 2016 lege

240 2025 438 2099 doetiffimus
463 2024 564 2096 fidem
586 2027 788 2096 christianam
803 2023 935 2122 publice
953 2022 1122 2122 profellus,
1150 2049 1265 2096 contra

239 2133 348 2229 legem
372 2135 456 2228 regis
485 2130 726 2228 prudentilsrme
757 2131 987 2227 disputavit&
1012 2129 1053 2200 de
1077 2129 1143 2200 fine
1172 2133 1264 2228 regni

240 2237 334 2336 ipsius
347 2263 386 2309 ex
399 2237 491 2308 diois
501 2253 517 2286 ²
527 2237 763 2335 prophetarum
777 2234 983 2334 probabilem
995 2235 1127 2332 collegit
1141 2237 1264 2306 senten·

241 2347 335 2438 tiam3
344 2345 401 2442 qui
413 2344 552 2416 secunda
563 2343 616 2414 die
626 2344 713 2414 mille
723 2345 841 2414 lanceis
851 2339 1017 2413 confollus
1030 2343 1156 2412 interiit.
1162 2343 1264 2414 Cuius

243 2477 297 2522 res
314 2477 432 2547 corpus
460 2475 536 2520 cum
561 2453 594 2520 in
612 2448 785 2521 immundo
803 2449 879 2520 loco
901 2449 1006 2544 proici
1025 2445 1157 2536 iuberet,
1189 2450 1264 2520 Deo

240 2558 373 2630 volente
402 2556 489 2627 nulla
513 2579 641 2653 poterat
669 2581 737 2627 arte
760 2555 894 2627 moveri.
925 2556 1006 2651 Quo
1032 2553 1189 2624 miraculo
1211 2580 1266 2625 rex

242 2663 401 2751 confusus,
426 2662 584 2732 christiani
609 2657 753 2730 roborati
778 2663 812 2732 in
836 2685 973 2750 tantum,
1002 2683 1039 2730 ut
1062 2657 1104 2730 ab
1129 2659 1186 2732 illo
1213 2658 1265 2732 die

240 2767 371 2866 publice
389 2765 496 2840 millae
522 2765 729 2855 celebrarent,
755 2770 791 2836 ἃ
814 2765 960 2837 ecclesias
988 2766 1208 2837 construerent
1231 2767 1264 2838 in

242 2878 370 2948 civitate
386 2872 530 2945 Marocb.
557 2873 628 2944 l·liis
652 2875 750 2969 igitur
777 2873 974 2969 &plurimis
996 2871 1038 2946 ab
1066 2898 1107 2943 eo
1138 2870 1264 2965 auditis,

241 3007 375 3079 portum
391 2979 487 3052 Silere
506 2981 630 3050 ³tercia
654 2979 733 3050 feria
755 2979 828 3075 post
853 2979 967 3050 festum
985 2979 1160 3050 Alexandri
1181 3005 1264 3052 mar·
1277 3001 1320 3047 rur.
1331 3014 1365 3048 n.

242 3090 317 3180 tyris
337 3088 531 3182 linquentes,
556 3085 640 3156 sexta
659 3085 736 3155 seria
757 3085 906 3181 proxima
922 3083 1369 3181 Ulixibonamperve·1ur.14

242 3197 359 3264 nimus.
375 3194 426 3263 De
444 3193 533 3262 cuius
544 3189 599 3262 fitu
618 3190 761 3287 quedam
773 3215 908 3288 propter
923 3192 1105 3281 utilitatem,
1122 3191 1265 3286 quedam

242 3323 377 3398 propter
398 3298 649 3370 delectationem
676 3299 884 3370 annellimus.
914 3297 959 3368 Est
978 3299 1075 3394 igitur
1091 3296 1267 3370 Ulixibona

243 3407 354 3479 civitas
365 3407 530 3500 Hispanie,
549 3407 704 3476 terminus
721 3405 869 3504 gentium
886 3407 920 3475 ἃ
936 3401 1076 3495 ecclesie,
1091 3405 1152 3474 ritu
1167 3407 1266 3476 veteri

243 3511 299 3584 fita
313 3514 348 3586 in
366 3535 489 3602 monte,
504 3509 545 3582 ab
558 3510 652 3585 Ulixe
667 3509 837 3582 &Achille
852 3509 998 3596 condita,
1018 3508 1110 3605 quod
1123 3507 1267 3606 probant

244 3621 376 3714 antiqua
385 3617 523 3708 edificia,
531 3618 648 3688 Turres
662 3641 783 3688 veteres
796 3616 970 3712 appellata,
984 3619 1019 3687 &
1030 3641 1132 3713 pagus
1141 3617 1265 3688 vicinus

245 3725 365 3796 Achele
381 3747 515 3798 vocatus
536 3722 578 3795 ab
596 3724 731 3795 Achille.
761 3724 872 3819 Caput
894 3747 1004 3794 autem
1020 3725 1156 3795 civitatis
1172 3723 1266 3820 iplius

245 3831 402 3904 circulum
415 3831 554 3926 implens
567 3856 662 3900 muro
675 3834 710 3901 &
724 3828 861 3901 turribus
873 3829 956 3920 altis,
975 3829 1129 3900 verticem
1145 3831 1266 3902 montis

244 3937 378 4036 pulchre
390 3961 539 4028 coronat,
556 3933 611 4006 ubi
622 3937 666 4007 est
677 3935 797 4008 domus
811 3937 1002 4033 episcopalis
1015 3938 1050 4006 &
1062 3935 1161 4008 ledes.
1179 3936 1265 4007 Cor·

282 4194 336 4244 rA.
350 4191 513 4244 Silteteienlir.
529 4220 564 4232 -
582 4208 640 4245 sex
653 4191 723 4245 distis
823 4208 835 4254 3
855 4191 1002 4258 Sequebatur
1029 4190 1184 4258 intravimus,
1203 4191 1264 4244 dele·

245 4271 283 4324 bis
288 4271 422 4342 strandum
434 4269 535 4326 deletum
547 4271 572 4326 in
585 4274 614 4328 A.
786 4281 835 4326 urm
848 4269 873 4322 in
885 4272 915 4324 A.
