<?xml version="1.0" encoding="UTF-8"?>
<!DOCTYPE html PUBLIC "-//W3C//DTD XHTML 1.0 Transitional//EN"
    "http://www.w3.org/TR/xhtml1/DTD/xhtml1-transitional.dtd">
<html xmlns="http://www.w3.org/1999/xhtml" xml:lang="en" lang="en">
 <head>
  <title>
</title>
<meta http-equiv="Content-Type" content="text/html;charset=utf-8" />
  <meta name='ocr-system' content='tesseract 3.04.00' />
  <meta name='ocr-capabilities' content='ocr_page ocr_carea ocr_par ocr_line ocrx_word'/>
</head>
<body>
  <div class='ocr_page' id='page_1' title='image "./quintibellisacr00rhgoog_0222.png"; bbox 0 0 3658 5616; ppageno 0'>
   <div class='ocr_carea' id='block_1_1' title="bbox 522 508 1263 603">
    <p class='ocr_par' dir='ltr' id='par_1_1' title="bbox 522 508 1263 603">
     <span class='ocr_line' id='line_1_1' title="bbox 522 508 1263 603; baseline 0.009 -31"><span class='ocrx_word' id='word_1_1' title='bbox 522 521 560 572; x_wconf 86' lang='lat' dir='ltr'>uv</span> <span class='ocrx_word' id='word_1_2' title='bbox 579 519 775 572; x_wconf 78' lang='lat' dir='ltr'>ossuuorut</span> <span class='ocrx_word' id='word_1_3' title='bbox 795 520 991 572; x_wconf 73' lang='lat' dir='ltr'>nnuma.</span> <span class='ocrx_word' id='word_1_4' title='bbox 1204 508 1263 603; x_wconf 79' lang='lat'>163</span> 
     </span>
    </p>
   </div>
   <div class='ocr_carea' id='block_1_2' title="bbox 238 739 1345 4341">
    <p class='ocr_par' dir='ltr' id='par_1_2' title="bbox 241 739 1345 2508">
     <span class='ocr_line' id='line_1_2' title="bbox 246 739 1345 836; baseline 0 -26"><span class='ocrx_word' id='word_1_5' title='bbox 246 767 310 836; x_wconf 91' lang='lat' dir='ltr'>que</span> <span class='ocrx_word' id='word_1_6' title='bbox 335 739 509 811; x_wconf 90' lang='lat' dir='ltr'>multitudo</span> <span class='ocrx_word' id='word_1_7' title='bbox 535 767 651 811; x_wconf 91' lang='lat' dir='ltr'>eorum</span> <span class='ocrx_word' id='word_1_8' title='bbox 678 767 808 812; x_wconf 88' lang='lat' dir='ltr'>mortua</span> <span class='ocrx_word' id='word_1_9' title='bbox 833 765 908 813; x_wconf 87' lang='lat' dir='ltr'>erat.</span> <span class='ocrx_word' id='word_1_10' title='bbox 940 742 1001 832; x_wconf 81' lang='lat' dir='ltr'>Alij</span> <span class='ocrx_word' id='word_1_11' title='bbox 1025 741 1176 814; x_wconf 87' lang='lat' dir='ltr'>iacebant</span> <span class='ocrx_word' id='word_1_12' title='bbox 1199 744 1345 824; x_wconf 78' lang='lat' dir='ltr'>lan-1219</span> 
     </span>
     <span class='ocr_line' id='line_1_3' title="bbox 245 846 1270 945; baseline 0.005 -28"><span class='ocrx_word' id='word_1_13' title='bbox 245 871 382 945; x_wconf 90' lang='lat' dir='ltr'>guentes</span> <span class='ocrx_word' id='word_1_14' title='bbox 400 872 461 917; x_wconf 92' lang='lat' dir='ltr'>nec</span> <span class='ocrx_word' id='word_1_15' title='bbox 474 846 548 917; x_wconf 90' lang='lat' dir='ltr'>suos</span> <span class='ocrx_word' id='word_1_16' title='bbox 562 871 709 918; x_wconf 88' lang='lat' dir='ltr'>mortuos</span> <span class='ocrx_word' id='word_1_17' title='bbox 721 851 755 919; x_wconf 91' lang='lat' dir='ltr'>in</span> <span class='ocrx_word' id='word_1_18' title='bbox 771 875 872 919; x_wconf 92' lang='lat' dir='ltr'>unum</span> <span class='ocrx_word' id='word_1_19' title='bbox 887 847 998 918; x_wconf 91' lang='lat' dir='ltr'>locum</span> <span class='ocrx_word' id='word_1_20' title='bbox 1012 849 1144 944; x_wconf 89' lang='lat' dir='ltr'>sepelire</span> <span class='ocrx_word' id='word_1_21' title='bbox 1161 850 1270 921; x_wconf 88' lang='lat' dir='ltr'>valen·</span> 
     </span>
     <span class='ocr_line' id='line_1_4' title="bbox 246 951 1269 1048; baseline 0.004 -26"><span class='ocrx_word' id='word_1_22' title='bbox 246 975 303 1042; x_wconf 87' lang='lat' dir='ltr'>tes,</span> <span class='ocrx_word' id='word_1_23' title='bbox 319 951 375 1022; x_wconf 96' lang='lat' dir='ltr'>sed</span> <span class='ocrx_word' id='word_1_24' title='bbox 391 977 450 1048; x_wconf 89' lang='lat' dir='ltr'>per</span> <span class='ocrx_word' id='word_1_25' title='bbox 467 953 637 1048; x_wconf 88' lang='lat' dir='ltr'>plateas&amp;</span> <span class='ocrx_word' id='word_1_26' title='bbox 651 952 770 1024; x_wconf 87' lang='lat' dir='ltr'>domos</span> <span class='ocrx_word' id='word_1_27' title='bbox 787 953 1031 1026; x_wconf 82' lang='lat' dir='ltr'>inveniebamus</span> <span class='ocrx_word' id='word_1_28' title='bbox 1047 979 1104 1024; x_wconf 85' lang='lat' dir='ltr'>eos</span> <span class='ocrx_word' id='word_1_29' title='bbox 1116 955 1269 1044; x_wconf 89' lang='lat' dir='ltr'>iacentes,</span> 
     </span>
     <span class='ocr_line' id='line_1_5' title="bbox 245 1057 1270 1134; baseline 0.004 -4"><span class='ocrx_word' id='word_1_30' title='bbox 245 1058 332 1130; x_wconf 89' lang='lat' dir='ltr'>unde</span> <span class='ocrx_word' id='word_1_31' title='bbox 349 1061 384 1129; x_wconf 76' lang='grc' dir='ltr'><strong>ἃ</strong></span> <span class='ocrx_word' id='word_1_32' title='bbox 396 1059 481 1128; x_wconf 88' lang='lat' dir='ltr'>fetor</span> <span class='ocrx_word' id='word_1_33' title='bbox 493 1057 715 1130; x_wconf 79' lang='lat' dir='ltr'>intollerabilis</span> <span class='ocrx_word' id='word_1_34' title='bbox 731 1062 842 1130; x_wconf 93' lang='lat' dir='ltr'>eratin</span> <span class='ocrx_word' id='word_1_35' title='bbox 856 1061 986 1130; x_wconf 89' lang='lat' dir='ltr'>civitate</span> <span class='ocrx_word' id='word_1_36' title='bbox 1001 1083 1079 1130; x_wconf 86' lang='lat' dir='ltr'>tota.</span> <span class='ocrx_word' id='word_1_37' title='bbox 1099 1061 1270 1134; x_wconf 87' lang='lat' dir='ltr'>Christiani</span> 
     </span>
     <span class='ocr_line' id='line_1_6' title="bbox 243 1159 1271 1262; baseline 0.004 -28"><span class='ocrx_word' id='word_1_38' title='bbox 243 1167 363 1260; x_wconf 89' lang='lat' dir='ltr'>itaque,</span> <span class='ocrx_word' id='word_1_39' title='bbox 377 1187 476 1236; x_wconf 92' lang='lat' dir='ltr'>turres</span> <span class='ocrx_word' id='word_1_40' title='bbox 484 1159 704 1252; x_wconf 79' lang='lat' dir='ltr'>ascendentes,</span> <span class='ocrx_word' id='word_1_41' title='bbox 718 1164 833 1236; x_wconf 85' lang='lat' dir='ltr'>vexilla</span> <span class='ocrx_word' id='word_1_42' title='bbox 845 1165 960 1235; x_wconf 75' lang='lat' dir='ltr'>Sansle</span> <span class='ocrx_word' id='word_1_43' title='bbox 968 1165 1084 1236; x_wconf 91' lang='lat' dir='ltr'>Crucis</span> <span class='ocrx_word' id='word_1_44' title='bbox 1091 1166 1271 1262; x_wconf 90' lang='lat' dir='ltr'>posuerunt</span> 
     </span>
     <span class='ocr_line' id='line_1_7' title="bbox 242 1268 1268 1367; baseline 0.002 -25"><span class='ocrx_word' id='word_1_45' title='bbox 242 1273 337 1367; x_wconf 91' lang='lat' dir='ltr'>super</span> <span class='ocrx_word' id='word_1_46' title='bbox 349 1297 412 1341; x_wconf 90' lang='lat' dir='ltr'>eas.</span> <span class='ocrx_word' id='word_1_47' title='bbox 432 1271 597 1342; x_wconf 88' lang='lat' dir='ltr'>Sarraceni</span> <span class='ocrx_word' id='word_1_48' title='bbox 614 1295 723 1340; x_wconf 90' lang='lat' dir='ltr'>autem</span> <span class='ocrx_word' id='word_1_49' title='bbox 740 1268 1047 1366; x_wconf 86' lang='lat' dir='ltr'>contemplabantur</span> <span class='ocrx_word' id='word_1_50' title='bbox 1063 1297 1173 1340; x_wconf 91' lang='lat' dir='ltr'>muros</span> <span class='ocrx_word' id='word_1_51' title='bbox 1190 1274 1268 1344; x_wconf 90' lang='lat' dir='ltr'>civi·</span> 
     </span>
     <span class='ocr_line' id='line_1_8' title="bbox 243 1374 1266 1474; baseline 0.004 -28"><span class='ocrx_word' id='word_1_52' title='bbox 243 1379 316 1448; x_wconf 85' lang='lat' dir='ltr'>tatis</span> <span class='ocrx_word' id='word_1_53' title='bbox 328 1376 472 1470; x_wconf 82' lang='lat' dir='ltr'>nihilque</span> <span class='ocrx_word' id='word_1_54' title='bbox 490 1376 568 1446; x_wconf 92' lang='lat' dir='ltr'>mali</span> <span class='ocrx_word' id='word_1_55' title='bbox 585 1375 834 1472; x_wconf 86' lang='lat' dir='ltr'>suspicabantur,</span> <span class='ocrx_word' id='word_1_56' title='bbox 852 1403 892 1446; x_wconf 95' lang='lat' dir='ltr'>eo</span> <span class='ocrx_word' id='word_1_57' title='bbox 908 1374 999 1470; x_wconf 92' lang='lat' dir='ltr'>quod</span> <span class='ocrx_word' id='word_1_58' title='bbox 1012 1379 1095 1474; x_wconf 90' lang='lat' dir='ltr'>ignis</span> <span class='ocrx_word' id='word_1_59' title='bbox 1109 1381 1142 1448; x_wconf 76' lang='grc' dir='ltr'>ἃ</span> <span class='ocrx_word' id='word_1_60' title='bbox 1159 1379 1266 1450; x_wconf 88' lang='lat' dir='ltr'>fumus</span> 
     </span>
     <span class='ocr_line' id='line_1_9' title="bbox 242 1477 1267 1581; baseline 0.003 -28"><span class='ocrx_word' id='word_1_61' title='bbox 242 1477 370 1581; x_wconf 75' lang='lat' dir='ltr'>signum</span> <span class='ocrx_word' id='word_1_62' title='bbox 388 1480 465 1552; x_wconf 81' lang='lat' dir='ltr'>esset</span> <span class='ocrx_word' id='word_1_63' title='bbox 495 1481 632 1572; x_wconf 89' lang='lat' dir='ltr'>soldani,</span> <span class='ocrx_word' id='word_1_64' title='bbox 659 1486 714 1577; x_wconf 92' lang='lat' dir='ltr'>qui</span> <span class='ocrx_word' id='word_1_65' title='bbox 731 1507 839 1554; x_wconf 89' lang='lat' dir='ltr'>tantus</span> <span class='ocrx_word' id='word_1_66' title='bbox 856 1507 933 1572; x_wconf 93' lang='lat' dir='ltr'>erat,</span> <span class='ocrx_word' id='word_1_67' title='bbox 960 1482 1051 1577; x_wconf 94' lang='lat' dir='ltr'>quod</span> <span class='ocrx_word' id='word_1_68' title='bbox 1069 1485 1180 1555; x_wconf 90' lang='lat' dir='ltr'>civitas</span> <span class='ocrx_word' id='word_1_69' title='bbox 1199 1509 1267 1556; x_wconf 91' lang='lat' dir='ltr'>tota</span> 
     </span>
     <span class='ocr_line' id='line_1_10' title="bbox 241 1587 1267 1685; baseline 0.001 -24"><span class='ocrx_word' id='word_1_70' title='bbox 241 1587 411 1661; x_wconf 88' lang='lat' dir='ltr'>videbatur</span> <span class='ocrx_word' id='word_1_71' title='bbox 423 1588 544 1660; x_wconf 86' lang='lat' dir='ltr'>ardere.</span> <span class='ocrx_word' id='word_1_72' title='bbox 569 1591 665 1660; x_wconf 91' lang='lat' dir='ltr'>Tunc</span> <span class='ocrx_word' id='word_1_73' title='bbox 678 1593 832 1660; x_wconf 88' lang='lat' dir='ltr'>exercitus</span> <span class='ocrx_word' id='word_1_74' title='bbox 845 1588 1113 1680; x_wconf 84' lang='lat' dir='ltr'>Christianorum,</span> <span class='ocrx_word' id='word_1_75' title='bbox 1130 1592 1187 1685; x_wconf 94' lang='lat' dir='ltr'>qui</span> <span class='ocrx_word' id='word_1_76' title='bbox 1201 1615 1267 1662; x_wconf 92' lang='lat' dir='ltr'>erat</span> 
     </span>
     <span class='ocr_line' id='line_1_11' title="bbox 241 1692 1267 1788; baseline 0.004 -24"><span class='ocrx_word' id='word_1_77' title='bbox 241 1696 275 1766; x_wconf 89' lang='lat' dir='ltr'>in</span> <span class='ocrx_word' id='word_1_78' title='bbox 288 1692 411 1782; x_wconf 88' lang='lat' dir='ltr'>sabulo,</span> <span class='ocrx_word' id='word_1_79' title='bbox 430 1697 573 1766; x_wconf 89' lang='lat' dir='ltr'>nesciens</span> <span class='ocrx_word' id='word_1_80' title='bbox 586 1695 657 1784; x_wconf 89' lang='lat' dir='ltr'>hec,</span> <span class='ocrx_word' id='word_1_81' title='bbox 675 1696 850 1780; x_wconf 89' lang='lat' dir='ltr'>infremuit,</span> <span class='ocrx_word' id='word_1_82' title='bbox 866 1693 1075 1788; x_wconf 86' lang='lat' dir='ltr'>videntesque</span> <span class='ocrx_word' id='word_1_83' title='bbox 1089 1719 1155 1766; x_wconf 87' lang='lat' dir='ltr'>tam</span> <span class='ocrx_word' id='word_1_84' title='bbox 1168 1699 1267 1768; x_wconf 85' lang='lat' dir='ltr'>maxi·</span> 
     </span>
     <span class='ocr_line' id='line_1_12' title="bbox 241 1800 1265 1899; baseline 0.003 -29"><span class='ocrx_word' id='word_1_85' title='bbox 241 1827 331 1870; x_wconf 92' lang='lat' dir='ltr'>mam</span> <span class='ocrx_word' id='word_1_86' title='bbox 361 1803 445 1899; x_wconf 93' lang='lat' dir='ltr'>ignis</span> <span class='ocrx_word' id='word_1_87' title='bbox 475 1804 619 1897; x_wconf 88' lang='lat' dir='ltr'>copiam,</span> <span class='ocrx_word' id='word_1_88' title='bbox 649 1800 869 1892; x_wconf 88' lang='lat' dir='ltr'>adcurrerunt,</span> <span class='ocrx_word' id='word_1_89' title='bbox 900 1801 1114 1897; x_wconf 86' lang='lat' dir='ltr'>intelligentes</span> <span class='ocrx_word' id='word_1_90' title='bbox 1146 1828 1265 1891; x_wconf 87' lang='lat' dir='ltr'>autem,</span> 
     </span>
     <span class='ocr_line' id='line_1_13' title="bbox 241 1905 1267 2003; baseline 0.003 -27"><span class='ocrx_word' id='word_1_91' title='bbox 241 1909 405 1978; x_wconf 89' lang='lat' dir='ltr'>civitatem</span> <span class='ocrx_word' id='word_1_92' title='bbox 432 1905 496 1978; x_wconf 78' lang='lat' dir='ltr'>else</span> <span class='ocrx_word' id='word_1_93' title='bbox 515 1933 657 2003; x_wconf 88' lang='lat' dir='ltr'>captam,</span> <span class='ocrx_word' id='word_1_94' title='bbox 684 1909 847 2002; x_wconf 86' lang='lat' dir='ltr'>principes</span> <span class='ocrx_word' id='word_1_95' title='bbox 869 1908 977 1996; x_wconf 88' lang='lat' dir='ltr'>nostri,</span> <span class='ocrx_word' id='word_1_96' title='bbox 1008 1907 1114 1977; x_wconf 91' lang='lat' dir='ltr'>clerici</span> <span class='ocrx_word' id='word_1_97' title='bbox 1131 1910 1165 1976; x_wconf 77' lang='grc' dir='ltr'>ἅ</span> <span class='ocrx_word' id='word_1_98' title='bbox 1183 1909 1267 2000; x_wconf 90' lang='lat' dir='ltr'>laici,</span> 
     </span>
     <span class='ocr_line' id='line_1_14' title="bbox 242 2011 1267 2108; baseline 0.003 -25"><span class='ocrx_word' id='word_1_99' title='bbox 242 2037 303 2107; x_wconf 89' lang='lat' dir='ltr'>pro</span> <span class='ocrx_word' id='word_1_100' title='bbox 322 2011 445 2108; x_wconf 89' lang='lat' dir='ltr'>gaudio</span> <span class='ocrx_word' id='word_1_101' title='bbox 462 2013 668 2084; x_wconf 88' lang='lat' dir='ltr'>lacrimantes</span> <span class='ocrx_word' id='word_1_102' title='bbox 685 2017 774 2092; x_wconf 84' lang='lat' dir='ltr'>acin</span> <span class='ocrx_word' id='word_1_103' title='bbox 794 2037 909 2084; x_wconf 92' lang='lat' dir='ltr'>terram</span> <span class='ocrx_word' id='word_1_104' title='bbox 928 2014 1085 2108; x_wconf 88' lang='lat' dir='ltr'>prostrati,</span> <span class='ocrx_word' id='word_1_105' title='bbox 1103 2015 1213 2084; x_wconf 90' lang='lat' dir='ltr'>Deum</span> <span class='ocrx_word' id='word_1_106' title='bbox 1233 2018 1267 2086; x_wconf 92' lang='lat'>&amp;</span> 
     </span>
     <span class='ocr_line' id='line_1_15' title="bbox 241 2116 1267 2223; baseline 0.002 -35"><span class='ocrx_word' id='word_1_107' title='bbox 241 2119 372 2188; x_wconf 86' lang='lat' dir='ltr'>Beatam</span> <span class='ocrx_word' id='word_1_108' title='bbox 389 2119 561 2216; x_wconf 88' lang='lat' dir='ltr'>Virginem</span> <span class='ocrx_word' id='word_1_109' title='bbox 588 2145 663 2189; x_wconf 93' lang='lat' dir='ltr'>cum</span> <span class='ocrx_word' id='word_1_110' title='bbox 691 2117 844 2223; x_wconf 77' lang='lat' dir='ltr'>omnibus</span> <span class='ocrx_word' id='word_1_111' title='bbox 870 2119 984 2188; x_wconf 71' lang='lat' dir='ltr'>sanslis</span> <span class='ocrx_word' id='word_1_112' title='bbox 1005 2116 1125 2189; x_wconf 84' lang='lat' dir='ltr'>obnixe</span> <span class='ocrx_word' id='word_1_113' title='bbox 1152 2117 1267 2215; x_wconf 90' lang='lat' dir='ltr'>depre-</span> 
     </span>
     <span class='ocr_line' id='line_1_16' title="bbox 241 2225 1267 2320; baseline 0 -24"><span class='ocrx_word' id='word_1_114' title='bbox 241 2249 361 2315; x_wconf 86' lang='lat' dir='ltr'>cantes,</span> <span class='ocrx_word' id='word_1_115' title='bbox 378 2247 413 2294; x_wconf 90' lang='lat' dir='ltr'>ut</span> <span class='ocrx_word' id='word_1_116' title='bbox 430 2225 593 2315; x_wconf 86' lang='lat' dir='ltr'>Damiata‚</span> <span class='ocrx_word' id='word_1_117' title='bbox 619 2251 682 2319; x_wconf 92' lang='lat' dir='ltr'>que</span> <span class='ocrx_word' id='word_1_118' title='bbox 702 2226 782 2296; x_wconf 90' lang='lat' dir='ltr'>olim</span> <span class='ocrx_word' id='word_1_119' title='bbox 799 2249 865 2294; x_wconf 90' lang='lat' dir='ltr'>erat</span> <span class='ocrx_word' id='word_1_120' title='bbox 882 2249 996 2296; x_wconf 87' lang='lat' dir='ltr'>carena</span> <span class='ocrx_word' id='word_1_121' title='bbox 1014 2227 1218 2320; x_wconf 88' lang='lat' dir='ltr'>captivorum</span> <span class='ocrx_word' id='word_1_122' title='bbox 1233 2229 1267 2296; x_wconf 75' lang='grc' dir='ltr'>ἂ</span> 
     </span>
     <span class='ocr_line' id='line_1_17' title="bbox 241 2328 1267 2426; baseline 0.001 -24"><span class='ocrx_word' id='word_1_123' title='bbox 241 2333 385 2402; x_wconf 91' lang='lat' dir='ltr'>scortum</span> <span class='ocrx_word' id='word_1_124' title='bbox 404 2333 438 2400; x_wconf 78' lang='grc' dir='ltr'>ἃ</span> <span class='ocrx_word' id='word_1_125' title='bbox 461 2329 580 2401; x_wconf 89' lang='lat' dir='ltr'>domus</span> <span class='ocrx_word' id='word_1_126' title='bbox 605 2331 838 2422; x_wconf 85' lang='lat' dir='ltr'>Sodomorum,</span> <span class='ocrx_word' id='word_1_127' title='bbox 866 2328 944 2400; x_wconf 88' lang='lat' dir='ltr'>esset</span> <span class='ocrx_word' id='word_1_128' title='bbox 968 2329 1122 2426; x_wconf 88' lang='lat' dir='ltr'>deinceps</span> <span class='ocrx_word' id='word_1_129' title='bbox 1149 2332 1267 2404; x_wconf 87' lang='lat' dir='ltr'>domus</span> 
     </span>
     <span class='ocr_line' id='line_1_18' title="bbox 241 2435 638 2508; baseline -0.005 0"><span class='ocrx_word' id='word_1_130' title='bbox 241 2438 303 2508; x_wconf 89' lang='lat' dir='ltr'>Dei</span> <span class='ocrx_word' id='word_1_131' title='bbox 320 2439 355 2506; x_wconf 74' lang='grc' dir='ltr'>ἃ</span> <span class='ocrx_word' id='word_1_132' title='bbox 372 2435 638 2506; x_wconf 85' lang='lat' dir='ltr'>Christianorum.</span> 
     </span>
    </p>

    <p class='ocr_par' dir='ltr' id='par_1_3' title="bbox 238 2541 1286 4341">
     <span class='ocr_line' id='line_1_19' title="bbox 289 2541 1266 2638; baseline 0.001 -26"><span class='ocrx_word' id='word_1_133' title='bbox 289 2543 364 2613; x_wconf 87' lang='lat' dir='ltr'>LVl.</span> <span class='ocrx_word' id='word_1_134' title='bbox 385 2543 470 2612; x_wconf 92' lang='lat' dir='ltr'>Orta</span> <span class='ocrx_word' id='word_1_135' title='bbox 486 2544 585 2638; x_wconf 91' lang='lat' dir='ltr'>igitur</span> <span class='ocrx_word' id='word_1_136' title='bbox 598 2545 702 2638; x_wconf 87' lang='lat' dir='ltr'>prima</span> <span class='ocrx_word' id='word_1_137' title='bbox 716 2542 779 2613; x_wconf 91' lang='lat' dir='ltr'>diei</span> <span class='ocrx_word' id='word_1_138' title='bbox 795 2542 878 2632; x_wconf 90' lang='lat' dir='ltr'>luce,</span> <span class='ocrx_word' id='word_1_139' title='bbox 896 2567 956 2612; x_wconf 94' lang='lat' dir='ltr'>nos</span> <span class='ocrx_word' id='word_1_140' title='bbox 971 2567 1097 2632; x_wconf 88' lang='lat' dir='ltr'>omnes,</span> <span class='ocrx_word' id='word_1_141' title='bbox 1115 2541 1266 2614; x_wconf 85' lang='lat' dir='ltr'>Christia-</span> 
     </span>
     <span class='ocr_line' id='line_1_20' title="bbox 240 2645 1266 2745; baseline -0.001 -27"><span class='ocrx_word' id='word_1_142' title='bbox 240 2674 359 2718; x_wconf 92' lang='lat' dir='ltr'>norum</span> <span class='ocrx_word' id='word_1_143' title='bbox 378 2647 494 2718; x_wconf 80' lang='lat' dir='ltr'>vexilla</span> <span class='ocrx_word' id='word_1_144' title='bbox 510 2646 655 2719; x_wconf 90' lang='lat' dir='ltr'>videntes</span> <span class='ocrx_word' id='word_1_145' title='bbox 677 2652 709 2717; x_wconf 92' lang='lat' dir='ltr'>in</span> <span class='ocrx_word' id='word_1_146' title='bbox 733 2673 829 2740; x_wconf 90' lang='lat' dir='ltr'>turre,</span> <span class='ocrx_word' id='word_1_147' title='bbox 854 2645 967 2719; x_wconf 86' lang='lat' dir='ltr'>flentes</span> <span class='ocrx_word' id='word_1_148' title='bbox 992 2650 1026 2716; x_wconf 74' lang='grc' dir='ltr'><strong>ἃ</strong></span> <span class='ocrx_word' id='word_1_149' title='bbox 1043 2674 1118 2718; x_wconf 93' lang='lat' dir='ltr'>cum</span> <span class='ocrx_word' id='word_1_150' title='bbox 1142 2645 1266 2745; x_wconf 91' lang='lat' dir='ltr'>gaudio</span> 
     </span>
     <span class='ocr_line' id='line_1_21' title="bbox 240 2750 1265 2844; baseline 0.002 -22"><span class='ocrx_word' id='word_1_151' title='bbox 240 2755 354 2824; x_wconf 90' lang='lat' dir='ltr'>oculos</span> <span class='ocrx_word' id='word_1_152' title='bbox 371 2750 414 2823; x_wconf 91' lang='lat' dir='ltr'>ad</span> <span class='ocrx_word' id='word_1_153' title='bbox 428 2753 535 2823; x_wconf 89' lang='lat' dir='ltr'>celum</span> <span class='ocrx_word' id='word_1_154' title='bbox 548 2754 702 2844; x_wconf 85' lang='lat' dir='ltr'>levantes,</span> <span class='ocrx_word' id='word_1_155' title='bbox 719 2756 755 2823; x_wconf 70' lang='grc' dir='ltr'>ἃ</span> <span class='ocrx_word' id='word_1_156' title='bbox 768 2756 809 2824; x_wconf 80' lang='lat' dir='ltr'>‘se</span> <span class='ocrx_word' id='word_1_157' title='bbox 823 2761 921 2824; x_wconf 83' lang='lat' dir='ltr'>‘Deum</span> <span class='ocrx_word' id='word_1_158' title='bbox 935 2757 1094 2825; x_wconf 84' lang='lat' dir='ltr'>laudamus</span> <span class='ocrx_word' id='word_1_159' title='bbox 1107 2757 1140 2824; x_wconf 77' lang='grc' dir='ltr'>δι</span> <span class='ocrx_word' id='word_1_160' title='bbox 1156 2757 1265 2824; x_wconf 78' lang='lat' dir='ltr'>Gloria</span> 
     </span>
     <span class='ocr_line' id='line_1_22' title="bbox 241 2859 1266 2956; baseline -0.001 -28"><span class='ocrx_word' id='word_1_161' title='bbox 241 2867 271 2928; x_wconf 86' lang='lat' dir='ltr'>in</span> <span class='ocrx_word' id='word_1_162' title='bbox 289 2861 406 2954; x_wconf 79' lang='lat' dir='ltr'>excelfis</span> <span class='ocrx_word' id='word_1_163' title='bbox 423 2866 492 2929; x_wconf 88' lang='lat' dir='ltr'>‘Deo</span> <span class='ocrx_word' id='word_1_164' title='bbox 506 2885 582 2929; x_wconf 92' lang='lat' dir='ltr'>cum</span> <span class='ocrx_word' id='word_1_165' title='bbox 599 2885 722 2955; x_wconf 90' lang='lat' dir='ltr'>magno</span> <span class='ocrx_word' id='word_1_166' title='bbox 745 2861 952 2956; x_wconf 88' lang='lat' dir='ltr'>personantes</span> <span class='ocrx_word' id='word_1_167' title='bbox 969 2859 1124 2955; x_wconf 91' lang='lat' dir='ltr'>tripudi0,</span> <span class='ocrx_word' id='word_1_168' title='bbox 1142 2861 1266 2955; x_wconf 85' lang='lat' dir='ltr'>gracias</span> 
     </span>
     <span class='ocr_line' id='line_1_23' title="bbox 239 2964 1266 3038; baseline -0.004 -2"><span class='ocrx_word' id='word_1_169' title='bbox 239 2967 401 3038; x_wconf 90' lang='lat' dir='ltr'>inmensas</span> <span class='ocrx_word' id='word_1_170' title='bbox 427 2967 592 3036; x_wconf 88' lang='lat' dir='ltr'>retulimus</span> <span class='ocrx_word' id='word_1_171' title='bbox 615 2968 699 3036; x_wconf 91' lang='lat' dir='ltr'>Deo.</span> <span class='ocrx_word' id='word_1_172' title='bbox 728 2964 885 3036; x_wconf 90' lang='lat' dir='ltr'>Videntes</span> <span class='ocrx_word' id='word_1_173' title='bbox 912 2991 1022 3036; x_wconf 90' lang='lat' dir='ltr'>autem</span> <span class='ocrx_word' id='word_1_174' title='bbox 1053 2965 1205 3036; x_wconf 90' lang='lat' dir='ltr'>soldanus</span> <span class='ocrx_word' id='word_1_175' title='bbox 1232 2966 1266 3032; x_wconf 77' lang='grc' dir='ltr'>ἅ</span> 
     </span>
     <span class='ocr_line' id='line_1_24' title="bbox 239 3069 1266 3166; baseline -0.006 -21"><span class='ocrx_word' id='word_1_176' title='bbox 239 3071 436 3161; x_wconf 86' lang='lat' dir='ltr'>Coradinus,</span> <span class='ocrx_word' id='word_1_177' title='bbox 463 3095 619 3166; x_wconf 91' lang='lat' dir='ltr'>ceperunt</span> <span class='ocrx_word' id='word_1_178' title='bbox 640 3069 765 3142; x_wconf 89' lang='lat' dir='ltr'>dicere:</span> <span class='ocrx_word' id='word_1_179' title='bbox 791 3075 1038 3160; x_wconf 69' lang='lat' dir='ltr'>OeMacllomet,</span> <span class='ocrx_word' id='word_1_180' title='bbox 1063 3076 1153 3166; x_wconf 81' lang='lat' dir='ltr'>usqae</span> <span class='ocrx_word' id='word_1_181' title='bbox 1177 3075 1266 3140; x_wconf 81' lang='lat' dir='ltr'>stadie</span> 
     </span>
     <span class='ocr_line' id='line_1_25' title="bbox 239 3177 1266 3274; baseline 0 -26"><span class='ocrx_word' id='word_1_182' title='bbox 239 3183 377 3274; x_wconf 82' lang='lat' dir='ltr'>decepisti</span> <span class='ocrx_word' id='word_1_183' title='bbox 393 3184 470 3248; x_wconf 83' lang='lat' dir='ltr'>nos!</span> <span class='ocrx_word' id='word_1_184' title='bbox 490 3181 588 3265; x_wconf 81' lang='lat' dir='ltr'>Certe,</span> <span class='ocrx_word' id='word_1_185' title='bbox 599 3187 628 3272; x_wconf 83' lang='lat' dir='ltr'><strong><em>fi</em></strong></span> <span class='ocrx_word' id='word_1_186' title='bbox 648 3182 815 3268; x_wconf 75' lang='lat' dir='ltr'>Christiani</span> <span class='ocrx_word' id='word_1_187' title='bbox 827 3182 932 3246; x_wconf 82' lang='lat' dir='ltr'>lrabeat</span> <span class='ocrx_word' id='word_1_188' title='bbox 944 3183 1134 3268; x_wconf 78' lang='lat' dir='ltr'>Damiatam,</span> <span class='ocrx_word' id='word_1_189' title='bbox 1146 3205 1203 3248; x_wconf 87' lang='lat' dir='ltr'>non</span> <span class='ocrx_word' id='word_1_190' title='bbox 1224 3177 1266 3248; x_wconf 78' lang='lat' dir='ltr'>‘se</span> 
     </span>
     <span class='ocr_line' id='line_1_26' title="bbox 238 3283 1267 3380; baseline -0.002 -26"><span class='ocrx_word' id='word_1_191' title='bbox 238 3287 375 3370; x_wconf 84' lang='lat' dir='ltr'>colimus,</span> <span class='ocrx_word' id='word_1_192' title='bbox 397 3313 449 3354; x_wconf 84' lang='lat' dir='ltr'>nec</span> <span class='ocrx_word' id='word_1_193' title='bbox 471 3287 513 3352; x_wconf 78' lang='lat' dir='ltr'>‘se</span> <span class='ocrx_word' id='word_1_194' title='bbox 530 3287 745 3354; x_wconf 81' lang='lat' dir='ltr'>adorabimus!</span> <span class='ocrx_word' id='word_1_195' title='bbox 766 3283 810 3354; x_wconf 94' lang='lat' dir='ltr'>llli</span> <span class='ocrx_word' id='word_1_196' title='bbox 827 3307 937 3353; x_wconf 90' lang='lat' dir='ltr'>autem</span> <span class='ocrx_word' id='word_1_197' title='bbox 954 3284 1083 3380; x_wconf 87' lang='lat' dir='ltr'>Pagani,</span> <span class='ocrx_word' id='word_1_198' title='bbox 1103 3286 1157 3378; x_wconf 93' lang='lat' dir='ltr'>qui</span> <span class='ocrx_word' id='word_1_199' title='bbox 1175 3307 1267 3353; x_wconf 89' lang='lat' dir='ltr'>erant</span> 
     </span>
     <span class='ocr_line' id='line_1_27' title="bbox 239 3386 1267 3478; baseline 0.001 -22"><span class='ocrx_word' id='word_1_200' title='bbox 239 3389 326 3459; x_wconf 84' lang='lat' dir='ltr'>iuxta</span> <span class='ocrx_word' id='word_1_201' title='bbox 344 3415 443 3460; x_wconf 91' lang='lat' dir='ltr'>turres</span> <span class='ocrx_word' id='word_1_202' title='bbox 465 3391 611 3478; x_wconf 88' lang='lat' dir='ltr'>civitatis,</span> <span class='ocrx_word' id='word_1_203' title='bbox 642 3415 676 3460; x_wconf 92' lang='lat' dir='ltr'>ut</span> <span class='ocrx_word' id='word_1_204' title='bbox 693 3388 842 3460; x_wconf 90' lang='lat' dir='ltr'>viderunt</span> <span class='ocrx_word' id='word_1_205' title='bbox 858 3389 966 3458; x_wconf 89' lang='lat' dir='ltr'>nostra</span> <span class='ocrx_word' id='word_1_206' title='bbox 987 3389 1113 3478; x_wconf 69' lang='lat' dir='ltr'>vexilla,</span> <span class='ocrx_word' id='word_1_207' title='bbox 1146 3386 1267 3458; x_wconf 91' lang='lat' dir='ltr'>eisdem</span> 
     </span>
     <span class='ocr_line' id='line_1_28' title="bbox 240 3492 1266 3592; baseline -0.001 -28"><span class='ocrx_word' id='word_1_208' title='bbox 240 3493 376 3566; x_wconf 86' lang='lat' dir='ltr'>turribus</span> <span class='ocrx_word' id='word_1_209' title='bbox 402 3493 600 3592; x_wconf 83' lang='lat' dir='ltr'>superposita</span> <span class='ocrx_word' id='word_1_210' title='bbox 623 3495 742 3590; x_wconf 91' lang='lat' dir='ltr'>suaque</span> <span class='ocrx_word' id='word_1_211' title='bbox 760 3492 916 3590; x_wconf 76' lang='lat' dir='ltr'>deposta,</span> <span class='ocrx_word' id='word_1_212' title='bbox 947 3496 1112 3567; x_wconf 88' lang='lat' dir='ltr'>civitatem</span> <span class='ocrx_word' id='word_1_213' title='bbox 1134 3519 1266 3590; x_wconf 88' lang='lat' dir='ltr'>captam</span> 
     </span>
     <span class='ocr_line' id='line_1_29' title="bbox 240 3598 1265 3699; baseline -0.002 -28"><span class='ocrx_word' id='word_1_214' title='bbox 240 3598 314 3692; x_wconf 82' lang='lat' dir='ltr'>esse,</span> <span class='ocrx_word' id='word_1_215' title='bbox 333 3603 581 3699; x_wconf 88' lang='lat' dir='ltr'>cognoscentes,</span> <span class='ocrx_word' id='word_1_216' title='bbox 609 3602 707 3672; x_wconf 86' lang='lat' dir='ltr'>tristes</span> <span class='ocrx_word' id='word_1_217' title='bbox 730 3600 772 3672; x_wconf 91' lang='lat' dir='ltr'>ad</span> <span class='ocrx_word' id='word_1_218' title='bbox 789 3599 963 3671; x_wconf 93' lang='lat' dir='ltr'>dominum</span> <span class='ocrx_word' id='word_1_219' title='bbox 981 3601 1074 3670; x_wconf 91' lang='lat' dir='ltr'>suum</span> <span class='ocrx_word' id='word_1_220' title='bbox 1093 3599 1265 3672; x_wconf 92' lang='lat' dir='ltr'>soldanum</span> 
     </span>
     <span class='ocr_line' id='line_1_30' title="bbox 238 3705 1265 3806; baseline -0.004 -28"><span class='ocrx_word' id='word_1_221' title='bbox 238 3733 422 3806; x_wconf 91' lang='lat' dir='ltr'>pergentes,</span> <span class='ocrx_word' id='word_1_222' title='bbox 451 3705 614 3804; x_wconf 87' lang='lat' dir='ltr'>plorando</span> <span class='ocrx_word' id='word_1_223' title='bbox 636 3707 805 3778; x_wconf 70' lang='lat' dir='ltr'>dixerunts</span> <span class='ocrx_word' id='word_1_224' title='bbox 831 3715 973 3797; x_wconf 79' lang='lat' dir='ltr'>Domine,</span> <span class='ocrx_word' id='word_1_225' title='bbox 997 3714 1118 3798; x_wconf 74' lang='lat' dir='ltr'>amifisti</span> <span class='ocrx_word' id='word_1_226' title='bbox 1135 3713 1265 3776; x_wconf 77' lang='lat' dir='ltr'>Damia-</span> 
     </span>
     <span class='ocr_line' id='line_1_31' title="bbox 240 3811 1265 3908; baseline 0 -24"><span class='ocrx_word' id='word_1_227' title='bbox 240 3842 314 3908; x_wconf 88' lang='lat' dir='ltr'>ram,</span> <span class='ocrx_word' id='word_1_228' title='bbox 331 3815 412 3884; x_wconf 65' lang='lat' dir='ltr'>sede</span> <span class='ocrx_word' id='word_1_229' title='bbox 425 3841 520 3886; x_wconf 83' lang='lat' dir='ltr'>cetero</span> <span class='ocrx_word' id='word_1_230' title='bbox 538 3841 595 3884; x_wconf 87' lang='lat' dir='ltr'>non</span> <span class='ocrx_word' id='word_1_231' title='bbox 615 3822 673 3884; x_wconf 85' lang='lat' dir='ltr'>erit</span> <span class='ocrx_word' id='word_1_232' title='bbox 688 3817 752 3884; x_wconf 74' lang='lat' dir='ltr'>Tua</span> <span class='ocrx_word' id='word_1_233' title='bbox 763 3820 776 3883; x_wconf 84' lang='lat' dir='ltr'>s</span> <span class='ocrx_word' id='word_1_234' title='bbox 795 3812 939 3884; x_wconf 82' lang='lat' dir='ltr'>Audiens</span> <span class='ocrx_word' id='word_1_235' title='bbox 955 3838 1064 3884; x_wconf 90' lang='lat' dir='ltr'>autem</span> <span class='ocrx_word' id='word_1_236' title='bbox 1080 3811 1146 3883; x_wconf 92' lang='lat' dir='ltr'>hoc</span> <span class='ocrx_word' id='word_1_237' title='bbox 1158 3811 1265 3884; x_wconf 88' lang='lat' dir='ltr'>solda·</span> 
     </span>
     <span class='ocr_line' id='line_1_32' title="bbox 239 3917 1264 4016; baseline -0.002 -26"><span class='ocrx_word' id='word_1_238' title='bbox 239 3946 310 4011; x_wconf 90' lang='lat' dir='ltr'>nus,</span> <span class='ocrx_word' id='word_1_239' title='bbox 341 3922 446 3992; x_wconf 90' lang='lat' dir='ltr'>statim</span> <span class='ocrx_word' id='word_1_240' title='bbox 469 3921 637 4016; x_wconf 89' lang='lat' dir='ltr'>loquelam</span> <span class='ocrx_word' id='word_1_241' title='bbox 658 3918 799 4016; x_wconf 89' lang='lat' dir='ltr'>perdidit</span> <span class='ocrx_word' id='word_1_242' title='bbox 819 3921 854 3989; x_wconf 75' lang='grc' dir='ltr'>ἃ</span> <span class='ocrx_word' id='word_1_243' title='bbox 871 3917 996 4015; x_wconf 86' lang='lat' dir='ltr'>lignum</span> <span class='ocrx_word' id='word_1_244' title='bbox 1021 3921 1107 4010; x_wconf 87' lang='lat' dir='ltr'>fecit,</span> <span class='ocrx_word' id='word_1_245' title='bbox 1134 3943 1169 3988; x_wconf 92' lang='lat' dir='ltr'>ut</span> <span class='ocrx_word' id='word_1_246' title='bbox 1193 3919 1264 4008; x_wconf 90' lang='lat' dir='ltr'>illis,</span> 
     </span>
     <span class='ocr_line' id='line_1_33' title="bbox 240 4026 1265 4122; baseline -0.002 -26"><span class='ocrx_word' id='word_1_247' title='bbox 240 4028 295 4121; x_wconf 92' lang='lat' dir='ltr'>qui</span> <span class='ocrx_word' id='word_1_248' title='bbox 317 4027 441 4096; x_wconf 91' lang='lat' dir='ltr'>malum</span> <span class='ocrx_word' id='word_1_249' title='bbox 461 4028 704 4116; x_wconf 87' lang='lat' dir='ltr'>nunciaverant,</span> <span class='ocrx_word' id='word_1_250' title='bbox 728 4027 835 4122; x_wconf 89' lang='lat' dir='ltr'>capita</span> <span class='ocrx_word' id='word_1_251' title='bbox 853 4048 1084 4096; x_wconf 90' lang='lat' dir='ltr'>truncarentur.</span> <span class='ocrx_word' id='word_1_252' title='bbox 1110 4026 1265 4118; x_wconf 88' lang='lat' dir='ltr'>Cumque</span> 
     </span>
     <span class='ocr_line' id='line_1_34' title="bbox 241 4131 1264 4228; baseline -0.004 -24"><span class='ocrx_word' id='word_1_253' title='bbox 241 4157 298 4228; x_wconf 91' lang='lat' dir='ltr'>pet</span> <span class='ocrx_word' id='word_1_254' title='bbox 323 4131 404 4204; x_wconf 90' lang='lat' dir='ltr'>duas</span> <span class='ocrx_word' id='word_1_255' title='bbox 423 4132 488 4204; x_wconf 91' lang='lat' dir='ltr'>sere</span> <span class='ocrx_word' id='word_1_256' title='bbox 509 4132 605 4204; x_wconf 90' lang='lat' dir='ltr'>horas</span> <span class='ocrx_word' id='word_1_257' title='bbox 621 4135 654 4202; x_wconf 93' lang='lat' dir='ltr'>in</span> <span class='ocrx_word' id='word_1_258' title='bbox 673 4131 734 4204; x_wconf 89' lang='lat' dir='ltr'>hac</span> <span class='ocrx_word' id='word_1_259' title='bbox 746 4157 951 4228; x_wconf 90' lang='lat' dir='ltr'>permaneret</span> <span class='ocrx_word' id='word_1_260' title='bbox 964 4131 1100 4222; x_wconf 91' lang='lat' dir='ltr'>tristicia,</span> <span class='ocrx_word' id='word_1_261' title='bbox 1118 4132 1264 4227; x_wconf 90' lang='lat' dir='ltr'>aperiens</span> 
     </span>
     <span class='ocr_line' id='line_1_35' title="bbox 242 4237 1286 4341; baseline -0.004 -29"><span class='ocrx_word' id='word_1_262' title='bbox 242 4239 355 4314; x_wconf 86' lang='lat' dir='ltr'>oculos</span> <span class='ocrx_word' id='word_1_263' title='bbox 378 4242 476 4315; x_wconf 84' lang='lat' dir='ltr'>erexit</span> <span class='ocrx_word' id='word_1_264' title='bbox 494 4241 524 4314; x_wconf 90' lang='lat' dir='ltr'>se</span> <span class='ocrx_word' id='word_1_265' title='bbox 541 4243 585 4330; x_wconf 77' lang='grc' dir='ltr'>δι,</span> <span class='ocrx_word' id='word_1_266' title='bbox 609 4263 738 4340; x_wconf 90' lang='lat' dir='ltr'>arrepto</span> <span class='ocrx_word' id='word_1_267' title='bbox 760 4237 887 4341; x_wconf 85' lang='lat' dir='ltr'>gladio,</span> <span class='ocrx_word' id='word_1_268' title='bbox 913 4264 980 4337; x_wconf 93' lang='lat' dir='ltr'>quo</span> <span class='ocrx_word' id='word_1_269' title='bbox 1006 4263 1074 4312; x_wconf 89' lang='lat' dir='ltr'>erat</span> <span class='ocrx_word' id='word_1_270' title='bbox 1091 4239 1264 4330; x_wconf 70' lang='lat' dir='ltr'>accinctus,</span> <span class='ocrx_word' id='word_1_271' title='bbox 1283 4331 1286 4334; x_wconf 21' lang='grc' dir='ltr'>Ι</span> 
     </span>
    </p>
   </div>
   <div class='ocr_carea' id='block_1_3' title="bbox 0 0 1834 5616">
    <p class='ocr_par' dir='ltr' id='par_1_4' title="bbox 0 0 1834 5616">
     <span class='ocr_line' id='line_1_36' title="bbox 0 0 1834 5616; baseline 0 1"><span class='ocrx_word' id='word_1_272' title='bbox 0 0 1834 5616; x_wconf 95' lang='lat' dir='ltr'> </span> 
     </span>
    </p>
   </div>
  </div>
 </body>
</html>
