3688 5640
495 499 546 552 DE
569 501 852 555 PREDICACIONE
877 503 903 553 S.
934 503 1073 556 cRucls.
1247 503 1290 582 25

279 719 481 792 audac'ler&
498 722 586 794 sume
610 727 760 794 crucem!
780 721 926 818 Quidam
952 722 1043 794 miles
1067 747 1180 818 captus
1197 723 1257 795 brit
1274 749 1294 793 a

279 828 443 898 Saracenis
459 831 494 898 ἃ
505 829 670 925 suspensus
681 827 724 900 ad
744 855 885 920 murum,
897 827 952 900 ubi
965 831 1037 900 sarra
1049 827 1219 920 cadebant,
1231 855 1295 925 que

279 932 450 1004 Christiani
462 932 676 1030 proiiciebant
687 934 730 1005 ad
744 933 971 1006 destruendum
984 961 1125 1022 murum,
1139 938 1174 1007 ἃ
1185 935 1295 1007 Chris-

280 1040 357 1110 tiani
370 1041 527 1135 proiicere
539 1037 701 1112 cessabant
714 1040 789 1111 illuc
800 1039 935 1138 lapides,
948 1043 1024 1136 quia
1037 1042 1171 1112 militem
1185 1043 1297 1112 timue-

280 1169 354 1216 runt
370 1145 520 1217 occidere
538 1143 582 1218 ibi
600 1147 790 1244 suspensum.
826 1145 930 1243 Quod
947 1145 1059 1218 videns
1079 1147 1168 1218 miles
1184 1149 1297 1218 coniu-

281 1253 361 1322 ravit
373 1277 432 1349 per
448 1249 662 1349 aspersionem
674 1253 836 1349 sanguinis
855 1253 940 1324 lbesu
959 1253 1077 1325 Christi
1089 1254 1297 1342 Christianos,

282 1355 373 1452 quod
391 1355 446 1453 ipst
464 1381 600 1456 propter
622 1385 698 1430 eum
715 1384 784 1429 non
803 1357 969 1448 cellarent,
997 1360 1031 1429 &
1055 1357 1112 1456 ipsi
1136 1358 1211 1430 ideo
1229 1384 1298 1430 non

193 1467 196 1471 ’
282 1460 457 1554 cessabant,
473 1463 528 1536 sed
540 1466 746 1562 proiecerunt
760 1463 915 1560 lapidem,
929 1467 984 1560 qui
1001 1491 1059 1562 pet
1076 1466 1139 1536 Dei
1156 1467 1300 1562 graciam

282 1567 429 1665 percuffit
452 1569 544 1642 funes
566 1573 601 1642 ἃ
624 1595 763 1668 pannos,
779 1597 838 1666 per
861 1597 944 1667 quos
968 1567 1133 1668 pendebat
1149 1571 1239 1640 miles
1256 1568 1300 1640 ad

283 1701 423 1764 murum,
438 1677 524 1773 rupit
542 1702 609 1767 eos,
625 1681 660 1748 δι
677 1677 766 1750 miles
783 1674 934 1766 liberatus
947 1677 991 1748 est
1003 1679 1037 1748 dc
1049 1661 1150 1749 salvis
1164 1678 1302 1747 cucurrit

109 1816 155 1851 .21
181 1820 203 1850 ι
215 1821 235 1852 e.
248 1817 268 1850 ι.
283 1779 326 1853 ad
343 1780 551 1854 Christianos.
570 1783 681 1854 Nolite
694 1809 774 1880 ergo
792 1781 938 1854 diffidere
957 1782 998 1854 de
1015 1782 1156 1874 Christo,
1176 1781 1229 1853 l'ed
1249 1781 1301 1852 fir-

284 1914 373 1960 mam
391 1886 491 1960 fidem
508 1885 663 1961 habentes
683 1891 716 1961 in
734 1889 897 1960 Christum
913 1892 947 1960 ὅ(
961 1886 1151 1960 desiderium
1167 1887 1209 1959 ad
1227 1914 1302 1958 eum

284 1993 445 2086 veniendi,
466 1995 584 2093 surgite
609 2021 667 2092 per
682 1992 896 2092 asperfionem
914 1995 1087 2092 sanguinis,
1104 2019 1215 2089 quarn,
1241 2019 1302 2089 pro

284 2099 379 2173 nobis
396 2099 520 2194 effudit,
537 2103 571 2173 ἀ
584 2102 755 2198 sequimini
767 2127 843 2172 eum
860 2103 893 2172 in
911 2105 1019 2173 cruce!
1037 2099 1184 2196 Quidam
1201 2100 1303 2188 miles,

284 2209 318 2278 in
331 2204 417 2278 bello
426 2209 672 2300 Saracenorum,
688 2209 869 2281 vulneratus
883 2233 1023 2303 quatuor
1036 2203 1198 2296 militibus,
1215 2205 1304 2276 audi-

285 2315 341 2404 vit,
367 2313 459 2410 quod
475 2313 596 2386 medici
612 2313 766 2401 dicerent,
792 2313 846 2386 illa
861 2314 994 2388 vulnera
1014 2311 1078 2385 elle
1095 2313 1254 2403 mortalia,
1271 2315 1306 2382 δι
1430 2347 1431 2350 “

286 2421 352 2516 ipse
364 2423 451 2517 cepit
463 2445 553 2492 arma
564 2422 628 2513 sua,
642 2447 706 2517 que
718 2421 786 2518 ipse
800 2419 1038 2518 deposuerat&
1050 2419 1148 2491 dixit:
1163 2451 1181 2484 «ι
1190 2420 1306 2490 Domi·

288 2557 307 2590 <r
319 2551 379 2597 nus
392 2552 483 2598 meus
497 2527 599 2599 lbesus
612 2527 754 2600 Christus
764 2525 871 2623 pallus
882 2527 941 2596 suit
954 2553 1014 2622 pro
1024 2553 1076 2596 me
1086 2525 1306 2621 quinquevul·

289 2662 307 2695 a
319 2657 407 2724 nera,
419 2635 455 2704 dt
467 2658 532 2730 ego
549 2631 663 2706 redibo
677 2636 711 2706 in
724 2631 846 2705 bellum
856 2635 892 2704 dt
903 2634 1013 2730 paciar
1027 2657 1088 2727 pro
1102 2657 1144 2702 eo
1157 2632 1306 2726 quintum

288 2769 307 2802 r
318 2737 444 2830 vulnus,
455 2742 532 2834 quia
549 2763 661 2835 quater
677 2735 783 2836 pallus
802 2739 881 2828 sum,
889 2770 906 2802 n
921 2740 956 2809 δι
969 2763 1045 2808 cum
1062 2761 1202 2808 armatus
1219 2733 1307 2827 eslet,

286 2844 381 2916 rediit
397 2845 430 2916 in
448 2841 569 2916 bellum
585 2847 620 2917 dt
644 2845 763 2916 multos
781 2843 902 2916 occidit
919 2845 1108 2914 Sarracenos
1126 2844 1161 2912 ἀ
1178 2841 1308 2930 cadens,

289 2951 404 3046 quinto
422 2950 554 3022 vulnere
573 2975 715 3046 recepto,
734 2948 874 3021 reddidit
886 2949 1030 3044 spirirum
1043 2947 1181 3019 Christo.
1208 2949 1309 3045 Surge

288 3080 323 3126 tu
341 3081 432 3155 erg0,
450 3058 506 3152 qui
531 3057 578 3128 vis
594 3054 729 3127 reddere
745 3057 890 3152 spiritum
906 3054 1046 3142 Christo,
1064 3056 1128 3123 &c
1161 3053 1308 3151 Qridam
1331 3065 1334 3072 ’

288 3161 378 3234 miles
392 3163 424 3234 in
444 3187 564 3258 campo
583 3188 650 3234 erat
663 3185 778 3233 contra
793 3164 969 3234 Saracenos
985 3161 1019 3230 dc
1037 3159 1115 3230 dixit
1132 3185 1219 3255 equo
1233 3159 1309 3230 suo:

291 3297 309 3332 α
321 3268 465 3358 Motelle,
484 3267 628 3360 murelle,
644 3268 762 3365 pluries
777 3268 870 3338 tulisti
887 3269 920 3336 in
937 3264 1059 3338 bellum
1077 3291 1152 3336 curn
1168 3263 1310 3336 laude&

291 3406 309 3439 α
320 3375 465 3464 victoria,
479 3371 534 3444 sed
547 3400 716 3470 nunquam
733 3371 812 3446 ficut
827 3372 938 3463 hodie,
949 3373 1025 3468 quia
1041 3371 1140 3444 hodie
1160 3371 1240 3444 setes
1257 3399 1310 3444 me

292 3478 363 3552 «ad
380 3482 481 3552 vitam
494 3503 639 3552 eternam
655 3513 672 3545 u
685 3484 730 3574 ἀ,
740 3478 884 3578 pluribus
900 3478 943 3552 ab
959 3505 1000 3550 eo
1018 3477 1138 3568 occisa,
1153 3479 1253 3550 fastus
1267 3477 1311 3548 est

290 3610 411 3679 martyr
425 3588 460 3658 in
478 3587 639 3658 Domino.
658 3588 758 3686 Surge
775 3613 854 3684 ergo
868 3589 902 3658 δι
914 3586 981 3657 ello
998 3609 1118 3677 martyr
1129 3585 1259 3676 Christi,
1273 3608 1311 3654 ex
1421 3607 1427 3620 ·

290 3717 357 3788 quo
371 3689 419 3783 fis,
438 3689 531 3787 quod
548 3689 673 3763 necelle
685 3693 739 3780 est,
758 3717 790 3763 te
802 3693 897 3782 mori,
913 3695 977 3763 &c

337 3796 486 3896 Quidam
500 3797 591 3868 miles
605 3797 707 3895 llugo
722 3801 855 3870 nomine
869 3795 910 3869 de
927 3796 1014 3868 Bello
1028 3797 1161 3893 Campo
1174 3797 1207 3865 in
1222 3791 1310 3864 bello

289 3906 526 3976 Saracenorum
540 3927 673 4001 portans
686 3930 795 3975 veram
812 3903 955 3976 Crucem
968 3903 1092 3973 occisus
1108 3901 1152 3972 est
1164 3903 1199 3972 dt
1215 3897 1310 3971 dixit:

292 4043 309 4076 υ
326 4012 506 4106 Nunquam
519 4011 565 4081 firi
582 4011 617 4080 in
629 4007 717 4081 bello
731 4035 850 4108 campo
869 4007 925 4080 nifi
943 4007 1053 4100 hodie,
1072 4011 1234 4078 &tamen
1251 4029 1310 4075 no·

292 4117 429 4188 «minor
446 4116 487 4188 de
512 4115 600 4188 bello
625 4115 780 4216 Campo,
809 4116 912 4213 surge,
939 4139 974 4186 ut
994 4115 1103 4186 venias
1132 4111 1174 4184 ad
1191 4109 1312 4183 bellurn

290 4254 309 4288 e
321 4227 515 4320 campuml»
527 4223 655 4294 llocest
670 4226 816 4320 Ingeram
830 4220 871 4292 de
886 4223 998 4310 Boves,
1011 4218 1101 4316 quod
1112 4218 1203 4290 miles
1216 4216 1313 4288 dixit:
1348 4221 1351 4227 '

1175 4367 1192 4420 4
