3688 5640
494 538 799 592 CRUCIGERORUM
823 540 1106 594 RHENANORUM.
1259 541 1305 620 37

283 759 387 830 turin
408 757 647 856 paffionevelis
672 754 834 855 oppansis,
861 756 1009 831 ordinate
1034 784 1124 830 mare
1150 747 1435 871 conscen-Mffi,

283 865 402 957 dimus,
417 865 646 959 venientesque
662 863 705 935 ad
723 887 856 961 portum
873 863 989 936 Cadix.
1008 865 1131 936 Comes
1147 865 1190 936 de
1204 863 1305 938 Wide

283 999 304 1044 a
318 973 371 1044 via
386 975 475 1043 reela
491 968 625 1043 devians
642 971 747 1067 ipsum
759 993 892 1068 portum
904 971 978 1068 post
990 969 1213 1068 crepusculum
1230 996 1307 1042 cum

284 1079 395 1176 paucis
425 1079 523 1152 intrat
550 1075 687 1152 navibus
713 1075 823 1174 ibique
850 1079 974 1150 caritati
999 1103 1080 1174 opus
1104 1075 1309 1150 laudabiliter

284 1209 446 1278 exercent,
472 1186 581 1259 fratres
599 1188 685 1276 suos,
715 1187 771 1282 qui
789 1183 914 1256 duabus
932 1182 1067 1257 navibus
1086 1183 1211 1256 ibidem
1228 1211 1308 1257 nau·

284 1289 425 1388 fragium
446 1292 526 1392 palli
539 1294 622 1384 sunt,
649 1291 727 1363 salvi
751 1315 862 1362 tamen
879 1289 972 1362 rebus
997 1293 1031 1361 δι
1055 1313 1206 1388 corpore,
1232 1315 1308 1362 cum

208 1491 211 1496 Α
285 1419 409 1492 magno
427 1395 591 1470 labore&
608 1399 725 1469 timore
741 1421 949 1495 paganorum
965 1396 1062 1468 litora
1078 1395 1223 1492 undique
1241 1400 1308 1468 cin·

285 1503 441 1598 gencium
454 1503 655 1604 colligebat.
683 1509 804 1576 Interea
830 1529 942 1574 comes
961 1500 1121 1574 Hollensrs
1150 1505 1310 1576 maiorem

285 1631 413 1704 partem
436 1614 583 1700 navium,
612 1636 676 1707 que
697 1612 763 1682 iam
783 1609 924 1681 {bissum
945 1636 1034 1682 mare
1054 1606 1309 1705 pertransierant,

286 1742 363 1786 cum
386 1715 503 1790 decem
525 1721 559 1789 ὅ(
585 1722 662 1789 octo
686 1714 822 1789 navibus
848 1717 1033 1790 comitatur.
1050 1729 1059 1762 ¹
1079 1716 1183 1786 Huius
1200 1739 1310 1790 autem

285 1825 382 1894 maris
409 1824 509 1896 latera
532 1823 681 1896 adstricta
705 1827 740 1895 &
765 1826 797 1894 in
822 1823 983 1919 Europam
1007 1827 1188 1912 terminata,
1214 1848 1311 1895 mon·

285 1926 369 2000 tibus
395 1929 547 2002 altissimis
567 1929 678 2002 srmeas
705 1927 914 2002 nutrientibus
936 1929 1179 2026 precinguntur,
1205 1930 1312 2002 castris

288 2038 393 2108 eciam
421 2063 460 2108 ac
492 2038 585 2130 villis,
615 2035 746 2135 oppidis
777 2039 811 2107 ἃ
845 2033 1025 2107 civitatibus
1061 2034 1312 2134 [circum]septa‚

288 2168 421 2240 quoque
434 2143 667 2217 mercatoribus
684 2169 774 2230 nota,
794 2141 1008 2234 decorantur,
1025 2141 1200 2240 longitudo
1217 2141 1312 2241 ipsius

287 2251 395 2322 navali
418 2251 510 2321 cursu
528 2249 693 2322 metienda
716 2251 768 2322 sex
784 2249 939 2320 horarum
963 2272 1099 2322 ventum
1124 2250 1312 2346 expostulat,

286 2355 425 2428 latitudo
448 2382 528 2428 vero
549 2357 719 2454 orizuntha
729 2358 764 2427 in
777 2353 1040 2454 apprehensione
1055 2355 1198 2427 hominis
1223 2361 1312 2453 equi·

288 2465 385 2536 tantis
415 2464 653 2562 intelligibilem
687 2489 861 2561 parumper
888 2461 1024 2536 excedit.
1065 2465 1221 2560 Cumque
1246 2465 1313 2535 iam

68 2593 116 2650 v.,
126 2590 145 2636 r.
154 2604 167 2653 5
177 2601 210 2649 ιο,
221 2606 241 2636 e
254 2603 276 2636 ι.
288 2570 384 2666 primi
393 2595 483 2640 mare
494 2584 508 2617 ²
519 2566 607 2642 aliud
620 2571 730 2642 secura
744 2595 856 2666 puppe
869 2569 1038 2660 sulcarent,
1048 2594 1125 2642 ecce
1138 2569 1202 2640 due
1214 2595 1313 2643 naves

289 2701 508 2774 paganorum,
530 2674 657 2750 diversis
676 2673 769 2748 rebus
786 2701 931 2768 onerate,
949 2701 989 2748 ex
1005 2677 1183 2773 improviso
1201 2677 1313 2748 nostris

68 2803 108 2860 3.,
121 2819 141 2863 ρ.
155 2815 211 2860 227,
222 2817 242 2847 c.
257 2813 276 2848 ι.
290 2807 507 2856 occurrerunt.
537 2783 608 2855 Nec
621 2809 716 2856 mora
728 2818 738 2876 3
755 2786 788 2854 in
805 2783 910 2854 hostes
924 2785 1055 2858 vertitur
1067 2809 1175 2880 prora,
1191 2783 1313 2854 statim·

290 2915 354 2986 que
370 2891 496 2960 inimici
512 2891 695 2987 capiuntur,
711 2893 745 2961 &
762 2917 861 2962 naves
877 2893 970 2986 aquis
981 2894 1016 2962 &
1027 2888 1158 2988 ignibus
1175 2891 1314 2987 periture

289 2995 522 3092 relinquuntur.
540 2997 710 3092 Postquam
726 3021 836 3068 autem
849 3023 888 3068 ex
900 2995 1004 3094 preda
1021 3021 1112 3069 tanta
1127 2995 1313 3089 exhylarati,

290 3099 333 3172 de
350 3105 479 3173 comitis
495 3125 605 3174 tamen
625 3101 775 3176 absencia
797 3105 902 3201 magis
919 3106 1016 3197 anxii,
1043 3105 1173 3202 longius
1197 3128 1314 3200 proce·

291 3205 452 3298 deremus,
481 3233 615 3282 ventum
642 3209 756 3282 estad
785 3235 946 3300 montem,
973 3213 1028 3306 qui
1058 3233 1156 3306 caput
1185 3211 1315 3281 Martini

292 3339 506 3411 nuncupatur,
532 3317 732 3411 &sequenti
755 3313 819 3406 die,
846 3315 996 3388 videlicet
1022 3319 1055 3388 in
1080 3342 1161 3388 cena
1177 3315 1316 3386 Domini
1328 3339 1383 3402 apr.
1397 3352 1432 3386 η

292 3426 346 3492 aer
374 3422 506 3494 sevior³
526 3425 690 3519 apparuit,
728 3421 829 3496 nubes
858 3447 892 3494 ut
921 3449 1091 3521 argentum
1116 3421 1316 3519 puriffimum

293 3525 376 3597 bene
393 3527 533 3624 politum
554 3528 736 3621 rutilabant,
765 3533 799 3601 ἃ
822 3555 922 3601 omne
939 3527 1129 3626 vaporabile
1148 3530 1316 3600 inventum

293 3633 337 3704 est
366 3633 554 3727 resolutum,
575 3661 711 3732 ortaque
728 3637 772 3707 est
789 3637 958 3734 tempestas
980 3635 1144 3707 modernis
1160 3634 1316 3726 inaudita,

294 3765 358 3835 que
374 3743 472 3812 etiam
489 3740 602 3814 diebus
620 3767 773 3840 quattuor
790 3745 948 3815 continuo
967 3741 1160 3840 perduravit.
1179 3741 1243 3811 lllic
1259 3767 1317 3812 na·

293 3849 385 3920 vium
400 3849 505 3920 malos
523 3875 612 3921 ruere
628 3849 777 3938 vidimus,
789 3863 806 3910 4
816 3851 888 3922 vela
903 3847 1004 3939 scissa,
1022 3852 1057 3920 ἃ
1074 3846 1179 3940 bachi,
1191 3859 1203 3909 5
1216 3849 1316 3944 ruptis

294 3954 414 4046 cordis,
443 3954 484 4026 de
501 3954 636 4028 navibus
658 3958 729 4028 sunt
749 3957 861 4051 soluti3
891 3959 1031 4028 minatur
1051 3981 1140 4026 mare
1165 3979 1316 4046 mortem,

293 4085 389 4150 terra,
403 4063 662 4158 circumquaque
669 4065 847 4136 Sarracenis
860 4087 1032 4159 occupata,
1043 4062 1232 4154 martyrium
1240 4085 1316 4157 pro-

331 4225 607 4281 rV.oominatur.—
625 4229 776 4284 numam.
871 4227 1279 4296 4V.videllcet-5B.batchi

230 4339 234 4354 .
294 4305 509 4370 ..damino
