3694 5626
517 521 556 574 nt
574 521 772 574 oastntoua
791 521 989 578 nautam.
1199 527 1264 602 157

243 769 355 812 crucem
381 765 491 828 oman,
506 767 543 810 ne
565 743 710 835 respicias
734 744 775 810 ad
799 747 976 834 iniquitates
999 749 1124 836 amiras,
1141 745 1201 836 sed
1225 746 1266 812 ad
1279 778 1338 826 ηις

234 852 343 939 fidem,
367 871 494 942 propter
520 873 607 938 quarn
623 853 863 942 peregrinamur,
889 852 1014 918 concede
1031 855 1201 944 propicius,
1230 877 1285 930 ne,

243 960 339 1044 noflro
355 957 508 1048 sanguine
532 979 636 1024 monus
662 959 855 1048 Paganorutn
876 957 1045 1042 ablutum,
1071 962 1123 1048 qui
1139 955 1266 1026 νίνίεό

243 1085 352 1154 regnas
368 1064 519 1152 'Deusper
533 1065 633 1129 omnia
642 1063 749 1153 secula
757 1062 947 1153 seculorum!
962 1066 1072 1131 elaten.

217 1161 221 1168 ’
292 1164 439 1236 XXXVl.
464 1165 684 1237 Veruntamen
710 1166 839 1262 Pagani,
864 1164 1009 1237 videntes
1029 1165 1149 1238 scalam
1173 1166 1268 1263 supra

243 1297 374 1343 murum
403 1269 633 1365 audientesque
663 1271 788 1342 lustum
812 1275 847 1342 ἃ
870 1271 1050 1368 pleniluni,
1073 1274 1129 1368 qui
1146 1297 1214 1344 erat
1233 1274 1268 1342 in

243 1378 378 1448 cinctum
408 1399 534 1466 eorum,
565 1376 660 1472 super
687 1376 828 1447 infantes
860 1381 895 1448 ἀ
922 1377 1070 1464 mulieres
1102 1377 1267 1450 dixerunt:

247 1487 332 1579 Quid
351 1487 531 1575 faciemus?
556 1484 693 1575 Oportet,
722 1511 777 1553 nos
789 1487 882 1579 fimus
899 1491 977 1554 mori
997 1513 1062 1555 curn
1085 1491 1159 1576 ifiis,
1185 1513 1269 1556 ante·

244 1617 332 1682 quant
350 1592 517 1659 incidamus
534 1592 565 1657 in
583 1615 688 1659 manus
703 1595 821 1681 istorum
828 1592 1010 1684 sclavorum.
1038 1591 1167 1684 Nescio,
1185 1617 1268 1687 quo-

244 1693 349 1765 modo
368 1694 523 1786 fecerunt,
548 1693 638 1790 quod
662 1697 749 1766 iuxta
772 1696 916 1766 nostrum
933 1693 1088 1767 fossatum
1104 1700 1270 1770 venientes

246 1825 313 1870 tam
326 1798 455 1870 crudele
472 1797 593 1870 bellum
605 1798 700 1872 nobis
716 1801 903 1893 intulerunt,
921 1800 1013 1898 quod
1025 1801 1181 1898 palatium
1195 1803 1269 1874 nos-

245 1929 331 1978 trum
355 1906 522 1980 diruerunt
546 1909 581 1977 ἃ
597 1903 784 1978 besenescas
804 1909 926 1978 nostras
944 1910 1100 2004 quinque,
1127 1911 1161 1980 δι
1187 1909 1270 2005 plus·

244 2035 345 2106 quam
363 2011 429 2082 duo
447 2011 536 2082 milia
553 2011 710 2106 usquead
732 2013 839 2083 nostra
854 2015 1054 2085 intraverunt
1071 2017 1220 2104 tentoria,
1236 2017 1271 2085 ἃ

244 2117 380 2213 quidam
403 2116 577 2188 amiraldus
594 2117 750 2190 incedens
764 2118 928 2190 clamabat
945 2119 1073 2192 dicens:
1091 2127 1270 2216 Qofleresi

245 2228 395 2293 Dominus
415 2225 719 2296 maurentionem
738 2229 897 2323 Christus!
922 2223 1101 2298 Audientes
1122 2228 1187 2296 boc
1210 2227 1269 2296 mi-

243 2329 314 2400 lites
331 2331 367 2400 &
383 2329 553 2426 templarii,
578 2333 635 2426 qui
661 2328 706 2402 ibi
732 2331 878 2419 aderant,
905 2332 1083 2404 contristati
1107 2331 1272 2405 dixerunt:

247 2439 515 2531 Quidfaciemus?
530 2442 642 2532 Fugere
654 2441 852 2508 nonualetnus
861 2444 874 2508 s
892 2439 935 2530 Et,
949 2441 1106 2512 invocato
1121 2441 1271 2511 Domino

244 2543 279 2612 in
297 2541 507 2635 adiutorium,
533 2547 678 2616 exierunt
702 2545 789 2616 soras
811 2547 846 2615 ἃ
868 2545 953 2636 illos,
982 2545 1038 2639 qui
1061 2545 1268 2634 intraverant,

246 2645 434 2721 ferocissime
447 2651 618 2722 eiecerunt.
636 2650 699 2722 Sed
712 2647 987 2742 &admiraldum
1006 2653 1062 2748 qui
1074 2653 1176 2747 impia
1193 2677 1269 2748 pro·

245 2753 360 2824 tulerat
388 2753 486 2826 verba
509 2759 595 2829 intus
621 2760 766 2830 occisum
793 2783 991 2855 repererunt,
1017 2756 1124 2852 ficque
1151 2759 1270 2856 Pagani

246 2861 359 2958 fugam
374 2866 522 2936 inierunt.
539 2866 763 2937 Veruntamen
777 2866 897 2936 multos
911 2890 1094 2936 truncantes
1112 2861 1270 2961 capitibus

245 2975 279 3042 ὅ(
303 2969 451 3042 manibus
475 2975 510 3042 ἃ
535 2969 672 3070 pedibus
697 2977 731 3044 in
758 2999 879 3070 campo
904 2975 1046 3044 iacentes
1072 2969 1270 3062 dimiserunt,

247 3081 302 3178 qui
319 3077 382 3152 fine
400 3105 536 3152 numero
555 3083 692 3152 fuerunt.
717 3080 780 3154 Sed
797 3081 912 3151 consul
929 3081 1053 3152 Pisanus
1075 3103 1152 3149 cum
1177 3079 1269 3173 quin·

247 3189 353 3261 decim
370 3187 522 3260 militibus
545 3193 581 3260 dc
604 3187 702 3261 noslti
719 3191 888 3260 visionum
906 3185 1090 3258 obtinentes
1107 3211 1183 3256 cum
1200 3186 1269 3256 leti·

246 3299 290 3368 tia
318 3299 390 3368 sunt
418 3293 540 3386 revers,
566 3295 732 3368 laudantes
762 3297 796 3365 ἀ
822 3291 1040 3391 glorificantes
1066 3293 1186 3384 Deum,
1212 3293 1269 3388 qui

247 3407 350 3479 salvos
369 3405 445 3476 facit
463 3407 625 3503 sperantes
642 3406 675 3474 in
692 3405 709 3474 s
726 3461 732 3474 .

287 3629 338 3694 ‘De
353 3626 568 3718 expugnatione
585 3625 689 3713 quinta
705 3618 736 3687 e
753 3618 932 3710 quorundam
944 3619 1117 3711 principum
1135 3617 1227 3683 obitu.

294 3833 452 3906 XXXVll.
480 3837 513 3903 ln
535 3831 587 3904 die
602 3829 905 3928 Ttanffigutationis
925 3830 1074 3917 Domini,
1100 3827 1219 3898 scilicet
1234 3829 1269 3899 in

249 3943 327 4014 festo
344 3943 452 4014 sanai
467 3942 553 4028 Sinti,
579 3939 749 4010 Christiani
771 3959 1047 4034 oppugnaverunt
1063 3934 1188 4022 urbem,
1210 3935 1269 4004 im·
1283 3965 1341 4022 nug.
1353 3963 1375 4010 ⁶.

248 4049 372 4147 plentes
383 4045 547 4138 foliatum,
562 4047 655 4142 supet
668 4043 759 4140 quod
774 4067 877 4114 cattus
891 4043 997 4113 noster
1010 4039 1177 4113 ducendus
1189 4065 1267 4127 etat,

126 4177 235 4230 nasos.
249 4159 304 4252 qui
322 4153 468 4250 undique
486 4156 603 4225 ferreus
620 4178 698 4242 etat,
721 4178 780 4248 per
797 4175 896 4246 quem
912 4175 973 4220 nos
992 4151 1090 4220 etiam
1107 4149 1270 4220 civitatem

248 4259 368 4334 habete
384 4259 478 4360 posse
494 4258 709 4358 sperabamus.
732 4256 868 4332 Civibus
885 4281 993 4328 autem
1010 4255 1190 4327 monstrum
1206 4249 1269 4328 five
