3694 5626
580 464 627 539 62
861 485 911 536 ure
936 483 1092 538 murana
1116 484 1317 538 rursouutu.

1290 605 1390 616 -ι-ι-ι-

509 737 567 784 1217
579 727 640 798 pus
656 727 734 774 vero
752 701 885 773 civitatis
906 727 964 798 per
984 699 1145 773 devexum
1165 704 1287 773 montis
1316 702 1416 797 usque
1436 701 1479 772 ad
1499 727 1600 798 aquas

577 805 719 878 fluminis
740 805 949 900 descendens,
970 806 1015 880 ad
1037 808 1178 878 austrum
1203 834 1296 879 muro
1319 809 1460 906 cingitur
1483 811 1518 879 ἃ
1536 823 1600 880 tur-

576 911 672 986 ribus.
699 911 745 984 ibi
769 915 853 984 miro
870 915 1009 986 scemate
1024 913 1205 986 construdla
1219 916 1254 985 in
1271 915 1399 986 honore
1417 912 1513 986 beate
1525 916 1599 987 Vit-

576 1020 660 1115 ginis
683 1017 861 1091 ostenditur
883 1017 1023 1110 ecdesta,
1048 1021 1083 1090 in
1101 1045 1166 1115 qua
1189 1045 1308 1117 corpus
1328 1018 1414 1092 beati
1433 1021 1598 1110 Vincenrij

576 1127 721 1216 martyris
737 1128 772 1196 in
784 1125 988 1224 sarcophago
1002 1127 1169 1222 requiescit
1185 1151 1351 1224 argenteo.
1370 1125 1598 1198 adorientem

574 1255 652 1302 vero
670 1253 759 1302 extra
777 1233 942 1304 civitatem
959 1230 1131 1326 quoddam
1150 1232 1195 1302 est
1210 1229 1392 1304 venerabile
1408 1231 1596 1326 cenobium,

574 1333 630 1406 ubi
646 1335 757 1433 palma
773 1334 814 1407 de
833 1336 1002 1432 sepulchro
1023 1339 1171 1429 martyris
1192 1337 1309 1409 Christi
1338 1336 1454 1408 domni
1471 1340 1596 1436 Popteti
1608 1370 1629 1402 c·
1640 1355 1680 1403 ιδ.

573 1441 715 1540 Ulvinga
727 1456 737 1489 ¹
751 1443 885 1538 pulchre
902 1443 1100 1540 consurgens
1120 1441 1155 1513 in
1180 1469 1254 1514 aera
1271 1442 1517 1534 demonstratur,
1539 1447 1596 1540 qui

572 1571 699 1620 mutato
724 1551 860 1620 nomine
889 1549 1069 1637 Heinricus,
1099 1549 1248 1645 princeps
1273 1549 1392 1620 milicie
1417 1548 1594 1642 christiane,

570 1677 647 1726 ante
663 1679 710 1748 70
727 1680 831 1726 annos
848 1651 971 1726 ibidem
1001 1680 1078 1725 cum
1094 1654 1152 1724 suo
1176 1657 1339 1752 armigero
1365 1657 1467 1729 vitam
1492 1655 1595 1729 sinivit

569 1761 603 1830 in
632 1760 780 1852 Christ03
809 1763 864 1857 qui
895 1786 983 1831 nunc
1012 1759 1121 1832 divina
1146 1761 1344 1834 revelatione
1373 1762 1594 1854 canonizatus,

568 1865 675 1964 gloria
701 1867 874 1963 temporali
889 1867 1004 1938 letatur
1020 1869 1055 1938 ὃ(
1071 1891 1190 1972 eterna
1217 1867 1328 1964 Tagus
1354 1877 1464 1939 autem
1479 1866 1594 1939 fluvius

568 1970 611 2042 ad
624 1973 764 2043 austrum
778 1971 986 2062 descendens,
999 1973 1093 2070 largo
1108 1969 1174 2042 sinu
1187 1973 1404 2068 complicitus,
1416 1975 1593 2046 innumeris

567 2076 704 2151 navibus
732 2081 902 2150 stationem
920 2077 1033 2176 prebet
1056 2077 1250 2150 tutissimam.
1280 2077 1475 2150 Notandum
1502 2106 1592 2170 vern,

568 2188 659 2285 quod
676 2215 774 2261 naves
792 2213 926 2286 portum
937 2192 1055 2262 intrare
1071 2190 1217 2261 volentes
1232 2187 1341 2260 sinistri
1352 2204 1366 2236 ²
1377 2191 1478 2261 litoris
1494 2191 1592 2264 latere

566 2298 675 2368 secure
695 2294 879 2387 decurrunt,
906 2297 1007 2391 usque
1024 2295 1103 2366 dum
1120 2297 1153 2366 in
1171 2293 1318 2367 saucibus
1334 2293 1431 2393 ipsius
1450 2295 1592 2378 fluminis

566 2427 695 2498 recepte
712 2401 853 2498 oppositi
864 2403 964 2473 litoris
983 2427 1133 2474 montem
1145 2399 1331 2492 ascendant,
1349 2400 1457 2475 donec
1472 2405 1590 2504 scopu-

564 2511 633 2581 lum
652 2509 812 2580 transeant
832 2510 1071 2606 quinquaginta
1088 2505 1284 2599 cubitorum,
1302 2509 1335 2578 in
1353 2505 1472 2581 sinistro
1491 2513 1590 2587 latere

564 2613 622 2688 sub
640 2617 732 2712 aquis
748 2616 912 2688 latentem.
941 2615 1098 2686 Colleclis
1117 2617 1214 2712 igitur
1232 2616 1267 2684 in
1283 2613 1348 2685 hoc
1364 2640 1463 2711 portu
1480 2620 1588 2690 multis

564 2720 708 2814 navibus,
726 2721 871 2794 adunato
889 2724 992 2792 tocius
1005 2723 1158 2793 exercitus
1175 2717 1309 2791 consilio
1322 2723 1497 2818 &populo
1510 2727 1588 2800 civi·

563 2833 646 2922 tatis,
665 2830 835 2927 episcopus
851 2829 916 2900 loci
928 2828 1010 2899 illius
1027 2829 1212 2899 sermonem
1225 2826 1344 2898 faciens
1357 2826 1400 2898 ad
1412 2832 1587 2926 populum,

561 2935 753 3034 persuadere
778 2935 949 3024 nitebatur,
978 2961 1013 3008 ut
1040 2937 1075 3006 in
1092 2935 1250 3031 Hispania
1272 2960 1452 3008 remaneret
1475 2940 1510 3008 ὅ(
1526 2939 1586 3008 ini·

562 3045 665 3114 micos
690 3040 819 3114 ecclesie
844 3044 878 3112 in
898 3041 1001 3114 urbe³
1025 3068 1090 3138 que
1108 3042 1211 3112 Alcoz
1238 3041 1356 3113 dicitur
1374 3067 1585 3140 expugnaret,

561 3149 637 3221 utile
653 3150 719 3220 hoc
738 3149 809 3220 sore
824 3151 859 3219 ὅ(
877 3148 1050 3220 honestum
1066 3148 1171 3219 multis
1197 3147 1374 3221 rationibus
1391 3147 1582 3238 asseverans,

561 3258 653 3327 suum
668 3254 850 3326 &suorum
867 3257 902 3324 ὅ(
922 3280 1037 3351 regum
1057 3278 1137 3326 terre
1163 3253 1327 3352 spondens
1345 3255 1469 3346 auxilia,
1494 3257 1582 3330 lucra

558 3365 751 3460 promittens
781 3388 882 3459 quam
912 3361 1061 3458 plurima,
1092 3385 1220 3432 motam
1249 3358 1314 3433 stne
1345 3363 1439 3434 lucris
1471 3363 1583 3436 utilem

559 3467 712 3566 probans,
737 3494 807 3541 tum
832 3492 968 3565 propter
992 3494 1100 3540 rerum
1115 3470 1247 3566 copiam
1265 3468 1388 3541 ibidem
1405 3471 1580 3559 venalium,

558 3599 629 3646 tum
646 3599 779 3673 propter
796 3601 923 3646 moram
949 3600 1063 3673 regum
1079 3577 1114 3645 &
1126 3576 1324 3672 principum,
1350 3578 1406 3672 qui
1431 3603 1472 3648 eo
1491 3603 1581 3648 anno

558 3707 627 3753 non
653 3680 828 3772 transirent,
853 3707 960 3753 cetera
977 3707 1041 3777 que
1066 3683 1185 3752 rationi
1202 3681 1394 3755 videbantur
1411 3684 1580 3756 consenta-

557 3813 619 3860 nea
635 3792 819 3860 annetiens.
845 3787 907 3860 Sed
930 3787 988 3858 hiis
1006 3785 1157 3858 omnibus
1184 3815 1305 3886 magna
1322 3814 1396 3885 pars
1413 3792 1579 3881 exercitus,

556 3893 612 3966 sed
628 3897 781 3992 precipue
797 3895 938 3971 frisones
953 3892 1183 3985 reclamabant,
1206 3895 1309 3966 multa
1325 3897 1360 3966 in
1378 3897 1579 3967 contrarium

592 4157 602 4190 r
624 4142 654 4192 A.
668 4139 716 4192 vel
727 4140 848 4211 Uiiunga5
867 4141 972 4196 videtur
994 4141 1037 4212 ff
1115 4161 1131 4194 2
1146 4142 1295 4210 Sequebatur
1307 4141 1389 4196 lateris
1396 4142 1499 4198 deletum
1511 4144 1574 4202 ina.

557 4219 665 4293 Ulvinga
671 4220 697 4285 s.
706 4237 728 4292 q.
737 4219 790 4294 lupi
790 4221 868 4292 filius.
1096 4251 1131 4264 -·
1146 4239 1158 4292 3
1173 4221 1197 4273 in
1208 4223 1268 4276 urbe
1273 4221 1400 4294 supplevi.
