3694 5626
566 535 606 616 15
611 539 632 588 2
811 534 923 588 LIBER
941 533 1093 588 DUELLIl
1111 531 1335 586 CHRISTIANI

487 752 825 848 ¹²19&Conadinus,
843 757 965 844 fratres,
983 753 1183 854 figentesque
1199 756 1287 826 iuxta
1296 780 1359 826 uos
1376 753 1431 826 sua
1448 755 1588 826 tentoria

560 863 660 936 nichil
675 861 771 935 nobis
790 863 868 934 mali
884 864 1039 936 fecerunt.

431 989 547 1050 rami.
610 970 704 1042 ΧΧΙΙ.
732 969 861 1042 Deinde
883 971 956 1068 post
980 971 1042 1041 hec
1065 971 1099 1040 in
1125 966 1177 1039 die
1201 967 1393 1059 Palmarum,
1420 965 1455 1038 id
1481 967 1585 1038 estin

561 1076 750 1169 Dominica,
776 1102 840 1173 que
857 1075 900 1148 de
920 1076 1029 1147 Ramis
1050 1076 1211 1147 olivarum
1228 1073 1355 1164 dicitur,
1382 1073 1586 1148 soldanus&

561 1181 762 1254 Conadinus
774 1183 918 1272 scientes,
937 1183 1014 1278 quia
1031 1206 1091 1252 nos
1108 1178 1301 1252 volebamus
1318 1179 1490 1273 celebrare,
1507 1208 1585 1278 qua-

559 1291 631 1362 liter
643 1290 786 1362 Christus
803 1292 894 1362 venit
908 1287 1138 1378 lerosolimam,
1155 1311 1334 1382 antequam
1350 1289 1449 1358 nostri
1465 1313 1586 1361 conve·

560 1399 684 1469 nientes
702 1421 818 1468 mutuo
837 1393 893 1466 sibi
905 1392 1036 1491 possent
1048 1392 1225 1483 subvenire,
1244 1391 1412 1464 consilium
1430 1395 1586 1488 fecerunt,

560 1505 732 1600 supernos
754 1505 863 1574 venire
880 1503 1007 1596 nosque
1028 1527 1048 1570 a
1065 1502 1147 1572 facie
1166 1525 1248 1572 terre
1264 1500 1381 1572 delere.
1401 1507 1585 1574 lnnumera-

560 1608 639 1681 biles
662 1611 759 1708 igitur
796 1633 912 1680 contra
941 1633 1001 1678 nos
1031 1632 1200 1697 venerunt,
1236 1610 1270 1678 ἃ
1304 1605 1587 1702 quemadmodum

559 1715 639 1813 lupi,
665 1715 860 1788 devorantes
884 1739 1000 1814 agnos,
1023 1716 1068 1786 ita
1091 1713 1277 1786 ceciderunt
1294 1713 1453 1786 devorare
1473 1739 1534 1784 nos
1552 1716 1588 1784 δι

559 1826 626 1894 iam
644 1822 815 1894 diviserant
831 1821 944 1892 omnia
956 1819 1046 1892 bona
1060 1822 1145 1892 inter
1158 1821 1200 1912 se,
1217 1821 1272 1892 sed
1288 1823 1398 1918 gracia
1413 1822 1478 1892 Dei
1494 1820 1588 1893 multi

561 1957 599 2002 ex
616 1930 675 2001 illis
699 1926 795 2000 occist
818 1930 898 2018 sunt,
925 1931 960 1999 dt
977 1930 1073 2026 pauci
1095 1927 1137 2000 de
1154 1929 1265 1999 nostris
1291 1928 1489 2001 defecerunt.
1516 1930 1587 2000 Nos

560 2061 681 2128 autem,
694 2059 915 2107 memorantes
928 2035 1098 2131 epistolam
1111 2036 1207 2125 Pauli,
1224 2033 1429 2108 dicebamus:
1447 2042 1484 2108 Si
1501 2043 1587 2107 ‘Deus

554 2171 614 2239 pro
631 2147 728 2230 uobis,
755 2151 822 2236 qais
840 2169 942 2214 contra
961 2151 1038 2213 nos?
1060 2141 1228 2236 (Roman,
1243 2165 1323 2235 vul,
1349 2147 1421 2244 31.)
1447 2142 1481 2216 Et
1501 2167 1586 2214 certe

562 2275 652 2322 tanta
665 2249 772 2320 nostra
787 2273 855 2320 erat
868 2250 1003 2341 miseria,
1020 2249 1111 2344 quod
1122 2261 1200 2348 ficut
1213 2279 1315 2323 cervus
1331 2255 1586 2349 dqsdnutfomes

562 2384 703 2449 aquarum
735 2355 863 2453 (Psalm.
893 2375 982 2445 xm,
1012 2360 1059 2449 2),
1097 2358 1139 2428 ita
1166 2355 1424 2430 desiderabamus
1452 2358 1588 2458 virentia

562 2461 670 2536 videre
699 2459 879 2534 herbarum.
911 2462 1007 2533 Nulla
1036 2465 1158 2558 quippe
1185 2463 1297 2559 lingua
1322 2464 1407 2534 valet
1429 2464 1587 2560 explicate

563 2571 724 2640 miseriam
739 2571 772 2639 dt
790 2567 1000 2659 infirmitates,
1019 2593 1099 2665 quas
1117 2568 1193 2664 passi
1213 2569 1319 2648 sumus
1336 2571 1369 2639 in
1383 2569 1439 2640 illo
1457 2570 1544 2642 loco.

612 2676 719 2747 XXlll.
738 2678 797 2747 l·lis
811 2679 854 2748 ita
866 2675 972 2774 gestis,
991 2674 1031 2746 de
1046 2677 1183 2746 exercitu
1198 2673 1263 2746 dux
1276 2675 1398 2746 Austrie
1411 2679 1588 2772 repatrians

564 2780 693 2857 recessit.

589 3000 640 3064 De
658 3019 762 3086 quarto
779 2998 905 3065 adventu
921 3001 1112 3089 Pagonorum
1129 2997 1210 3066 &de
1227 3001 1336 3090 califa,
1349 3027 1434 3095 papo
1451 3027 1561 3071 eorum.

435 3214 507 3277 Aust
518 3226 552 3272 ¹7·
614 3203 839 3276 XXlV-XXV.
860 3209 976 3276 lterum
988 3208 1060 3302 post
1078 3207 1138 3279 hec
1153 3209 1269 3304 quinto
1287 3208 1417 3281 decimo
1437 3213 1588 3286 calendas

565 3309 641 3398 Maij
655 3309 853 3382 soldanus&
866 3312 1078 3405 Corradinus,
1094 3315 1219 3403 fratres,
1234 3316 1376 3387 colleslis
1389 3319 1588 3410 exercitibus,

542 3437 544 3440 ·
566 3421 770 3488 venerunt&
784 3419 983 3492 intraverunt
1001 3419 1155 3491 vallatum
1174 3421 1318 3492 nostrum
1334 3425 1588 3519 deputaverunt,

567 3521 671 3593 senos
685 3521 774 3618 posse
787 3522 945 3596 delituere
957 3528 992 3596 ἀ
1004 3551 1023 3596 a
1036 3526 1117 3596 sacie
1131 3551 1211 3598 terre
1225 3525 1340 3600 delere.
1361 3530 1423 3602 Sed
1439 3533 1587 3604 Domino

566 3627 706 3716 volente,
739 3628 910 3702 Christiani
940 3629 1121 3702 habuerunt
1146 3635 1317 3706 visloriam
1340 3639 1375 3708 ἀ
1399 3636 1589 3709 occiderunt

567 3753 634 3804 tarn
646 3735 837 3806 Sarracenos
850 3761 950 3831 quam
963 3761 1078 3832 equos,
1094 3739 1165 3833 plus
1178 3765 1279 3835 quam
1287 3739 1355 3811 duo
1369 3743 1466 3815 milia.
1482 3745 1589 3816 Tanta

566 3861 676 3910 autem
701 3865 768 3912 erat
794 3841 969 3916 multitudo
988 3843 1128 3939 pilorum
1149 3847 1184 3915 dt
1201 3845 1386 3942 sagittarum
1404 3847 1498 3946 supra
1515 3853 1589 3922 nos·

567 3967 652 4015 trum
668 3945 833 4036 vallatum,
860 3945 951 4042 quod
977 3972 1059 4018 terra
1077 3974 1145 4019 non
1163 3950 1350 4046 apparebat.
1377 3954 1454 4024 Hoc
1467 3953 1589 4026 bellum

567 4047 669 4122 biduo
685 4049 824 4124 duravit.
854 4055 980 4124 lnterim
998 4053 1200 4128 Conadinus
1216 4057 1383 4130 mandavit
1406 4061 1448 4132 ad
1466 4063 1589 4132 amicos

567 4155 640 4224 suos
657 4153 823 4252 ubique&
836 4183 892 4228 eos
912 4158 954 4231 ad
967 4159 1088 4231 bellum
1106 4163 1305 4254 invitaverat,
1322 4165 1440 4238 scilicet
1452 4166 1588 4238 Damas·

569 4283 644 4329 cum
660 4263 695 4331 ἃ
706 4262 812 4358 Alapa
824 4265 858 4334 δι
871 4263 985 4336 Reanis
997 4269 1032 4339 dt
1045 4291 1150 4340 totam
1163 4293 1281 4340 terram
1293 4273 1477 4346 commovit
1489 4275 1588 4370 usque
