3694 5626
587 441 651 535 148
834 449 945 504 sinen
962 447 1114 502 nummu
1131 443 1356 500 cnnnnmnr

507 719 564 766 1218
581 703 631 772 Ue
646 704 731 772 clade
749 700 995 790 consororum,
1019 720 1054 765 ex
1074 698 1248 788 intemperie
1272 699 1351 762 neris
1369 689 1400 761 o
1417 693 1512 762 moris
1529 713 1604 762 omn.

461 937 522 983 nov.
532 949 568 998 30.
629 913 663 979 ln
680 907 760 979 festo
776 907 885 978 Sancli
893 904 1025 977 Andree
1042 903 1167 978 ortaest
1179 927 1269 977 tanta
1285 902 1456 1002 tempestas
1472 905 1507 974 in
1519 909 1605 991 a'e're,

580 1009 672 1110 quod
703 1036 771 1084 tam
801 1011 929 1109 inpulsu
958 1035 1134 1085 ventorum
1169 1037 1270 1108 quam
1309 1007 1608 1109 superhabundanti

580 1117 689 1216 pluvia
707 1121 742 1190 in
759 1143 886 1190 tantum
904 1145 993 1190 mare
1010 1121 1173 1212 intumuit,
1195 1122 1230 1190 &
1249 1115 1363 1190 fluvius
1381 1115 1523 1189 similiter
1539 1141 1606 1188 cre

579 1227 636 1314 vit,
653 1224 745 1320 quod
769 1251 837 1296 non
863 1223 1102 1298 discernebatur
1119 1252 1205 1322 aqua
1224 1223 1365 1296 fluminis
1392 1251 1411 1295 a
1435 1226 1546 1316 mari,¹
1572 1225 1608 1294 ἃ

579 1355 665 1424 aqua
681 1353 771 1403 tanta
790 1355 858 1403 erat
874 1331 1077 1403 amarissima.
1102 1337 1136 1402 ln
1154 1329 1206 1402 die
1223 1329 1278 1402 illa
1297 1331 1493 1429 tempestatis
1510 1334 1606 1403 causa

579 1437 694 1507 omnia
712 1439 850 1509 tentoria
871 1437 973 1510 fracia
994 1439 1102 1508 nostra
1122 1438 1222 1526 fluere,
1249 1439 1284 1509 &
1304 1461 1364 1535 per
1384 1459 1492 1508 torum
1517 1461 1606 1508 ener-

579 1543 680 1612 citum
695 1543 797 1614 factus
810 1545 854 1614 est
866 1543 966 1632 lacus,
984 1545 1029 1616 ita
1041 1539 1133 1640 quod
1147 1543 1250 1614 farina
1264 1545 1403 1640 &panis
1415 1545 1450 1613 &
1464 1543 1606 1614 frumen·

579 1647 842 1720 tum&ordeum
854 1651 1008 1720 &omnia
1016 1649 1167 1722 visualia
1175 1645 1605 1745 aquasuperbabundabant.

580 1751 624 1824 lbi
653 1755 746 1826 multi
770 1753 890 1825 infirmi
914 1757 1035 1826 mortui
1061 1757 1147 1846 sunt,
1184 1759 1219 1826 &
1244 1757 1342 1827 etiarn
1378 1757 1508 1853 plurimi
1538 1757 1606 1828 sani

579 1859 777 1932 defecerunt.
803 1862 869 1931 Αὲτ
893 1859 1051 1956 siquidem
1075 1883 1142 1933 tam
1159 1860 1313 1932 obscurus
1331 1861 1462 1934 effecius
1480 1861 1535 1950 est,
1561 1864 1607 1934 ita

579 1961 672 2062 quod
688 1963 793 2036 nullus
822 1966 966 2037 nostrum
983 1969 1083 2038 valuit
1103 1969 1138 2038 in
1161 1967 1214 2039 die
1234 1965 1344 2040 videre
1364 1968 1473 2039 alium.
1500 1972 1534 2040 ln
1552 1967 1606 2040 die

577 2071 631 2140 illa
648 2073 793 2166 quinque
820 2097 917 2144 naves
934 2075 1051 2164 nostre,
1077 2097 1141 2170 que
1163 2097 1255 2145 erant
1270 2077 1305 2144 in
1328 2099 1425 2172 portu
1443 2073 1606 2166 Damiate‚

577 2177 704 2272 inpull'u
722 2201 895 2250 ventorum
922 2177 985 2251 fine
1005 2180 1083 2252 velis
1105 2184 1140 2252 δι
1157 2183 1297 2279 remigiis
1324 2205 1344 2252 a
1363 2201 1461 2278 portu
1480 2181 1606 2276 seques-

578 2305 658 2353 trate
675 2283 747 2354 sunt
765 2287 849 2354 &in
866 2285 978 2356 medio
994 2287 1114 2383 pelagi,
1132 2312 1168 2357 ut
1183 2285 1356 2377 credimus,
1383 2284 1603 2382 conquassate.

577 2397 651 2470 Una
668 2419 778 2467 tamen
800 2422 839 2467 ex
855 2395 915 2466 illis
933 2393 1033 2464 frama
1051 2395 1111 2465 fuit
1128 2419 1203 2465 ante
1219 2389 1395 2484 Tanifium,
1421 2397 1455 2466 ἂ
1472 2396 1606 2494 triginta

576 2505 739 2594 marinarij
765 2503 922 2600 capitibus
945 2505 1017 2574 sunt
1035 2501 1227 2575 obtruncati.
1255 2507 1288 2574 ln
1312 2503 1366 2575 illa
1388 2503 1440 2575 die
1459 2499 1604 2598 quedam
1617 2516 1659 2565 fvL
1675 2522 1752 2580 ¹77h

576 2607 782 2683 munitissima
805 2613 893 2682 navis
915 2635 991 2680 cum
1012 2612 1139 2707 magnis
1158 2609 1258 2701 scalis,
1285 2637 1349 2706 que
1375 2637 1452 2682 cum
1477 2636 1603 2708 magno

575 2717 687 2790 labore
704 2743 765 2816 pro
784 2719 911 2789 civitate
933 2711 1094 2814 capienda
1112 2717 1196 2787 facia
1221 2719 1335 2805 fueras,
1359 2719 1486 2815 inpulsu
1503 2721 1603 2812 venti,

576 2828 676 2921 ruptis
699 2821 838 2912 funibus,
867 2825 1012 2918 proiecta
1028 2824 1083 2914 est,
1100 2825 1134 2894 &
1152 2821 1247 2894 nobis
1264 2823 1461 2916 videntibus,
1485 2825 1603 2924 Pagani

576 2957 649 3003 eam
683 2953 915 3001 cremaverunt.
945 2927 1042 3002 Unde
1079 2952 1139 3000 nos
1168 2929 1362 3028 plangentes
1392 2929 1601 3004 dicebamus:

578 3039 663 3131 Qid
678 3045 832 3130 sociemus
850 3045 920 3109 nic?
947 3043 1045 3109 Iratus
1067 3045 1106 3130 est
1128 3045 1213 3107 Deus
1238 3041 1324 3109 nolis
1344 3035 1375 3106 θ
1396 3065 1452 3108 non
1471 3041 1546 3128 vult,
1570 3065 1602 3110 ur

572 3147 789 3238 perseveremus
807 3153 838 3214 in
849 3149 909 3240 suo
919 3149 1054 3239 servicio
1066 3147 1196 3241 saneim·
1215 3149 1377 3242 procedere
1392 3173 1449 3216 non
1468 3147 1601 3216 volemus

574 3279 626 3321 neo
642 3251 835 3345 retroversum
853 3255 950 3322 redire
960 3255 1132 3348 poffumus!
1156 3256 1189 3322 ln
1206 3251 1259 3322 illa
1277 3249 1330 3322 die
1347 3255 1393 3324 ira
1411 3255 1508 3323 maris
1527 3255 1600 3324 nos·

575 3381 659 3428 trum
687 3357 784 3456 fregit
802 3353 964 3429 foliatum.
991 3359 1085 3429 Tunc
1107 3383 1160 3430 rex
1179 3359 1213 3427 &
1236 3361 1351 3430 omnes
1368 3361 1530 3458 principes
1547 3361 1600 3450 alij

574 3489 781 3535 cucurrerunt
795 3459 838 3534 ad
850 3465 996 3563 legatum
1008 3467 1042 3535 &
1061 3463 1224 3536 dixerunt:
1245 3469 1449 3555 Peccavimus,
1468 3471 1597 3554 domine,

575 3569 605 3638 fe
623 3577 725 3663 iniuste
738 3579 864 3665 egimus,
881 3579 1067 3666 iniquitatem
1073 3577 1207 3666 fecimus
1216 3603 1227 3652 ,·
1238 3576 1275 3643 do
1290 3577 1599 3668 nobispenirenriom!

576 3680 668 3748 Peter
683 3683 800 3772 sancio,
828 3707 880 3750 oro
900 3707 960 3772 pro
977 3683 1074 3768 nolis,
1105 3705 1137 3749 ur
1158 3683 1309 3750 Dominus
1330 3683 1416 3749 nobis
1441 3681 1599 3775 indulgens

573 3793 670 3877 nostro
680 3812 825 3880 peccarim·
849 3813 916 3855 nom
939 3813 1021 3857 more
1041 3793 1168 3880 nostrum
1188 3793 1248 3857 iom
1265 3813 1387 3882 occupor
1404 3788 1598 3857 vallorum&

573 3921 637 3964 ecce
654 3899 715 3962 ium
728 3899 809 3963 venir
817 3897 910 3988 super
923 3921 987 3984 nos,
1001 3893 1032 3963 ἃ
1045 3921 1145 3964 omnes
1158 3900 1338 3964 moriemur!
1354 3899 1489 3964 minimos
1502 3899 1599 3988 igitur

572 4005 685 4092 nostres
696 4003 932 4070 commendamus
948 4006 1016 4071 ‘Deo
1025 4003 1199 4096 sordisque
1214 4005 1347 4070 monibus
1364 4001 1463 4071 Tuis!
1482 4001 1516 4073 Et
1537 3999 1598 4071 do·

574 4106 680 4176 minus
698 4106 823 4204 legatus
840 4105 1027 4205 respondit:
1047 4110 1120 4199 Filij
1136 4109 1204 4196 moi,
1228 4111 1379 4178 Dominus
1395 4111 1489 4200 noster
1504 4133 1597 4204 remp-

612 4284 622 4316 1
638 4268 693 4320 Cod.
707 4283 800 4318 amara.
