3688 5640
541 468 590 566 46
1004 483 1130 538 ousta

470 731 528 781 ¹²¹9
540 705 700 780 Soldanus
717 706 808 780 abiit!
826 710 871 799 dt,
888 705 953 776 hoc
970 703 1072 794 dieto,
1090 707 1124 778 in
1140 727 1260 776 navem
1277 702 1525 776 christianorum
1539 706 1571 777 se

539 815 639 912 recipi
648 814 831 911 postulavit,
848 815 924 884 utin
935 812 1091 908 potestate
1103 837 1220 883 eorum
1232 809 1465 907 pofitusfidem
1477 811 1570 885 diuis

539 921 667 992 faceret.
687 920 784 990 Mane
797 943 906 992 autem
919 919 1074 991 inchoata
1088 917 1152 990 diei
1169 919 1238 990 sesti
1251 917 1358 990 missa:
1379 923 1569 992 Gaudeamus

537 1055 638 1098 omnes
651 1033 682 1096 t'rt
696 1032 841 1117 Domino,
858 1051 936 1096 cum
952 1028 1160 1097 nunciaretur
1172 1024 1381 1122 principibus,
1396 1024 1569 1097 soldanum

537 1131 665 1232 fugisse,
692 1132 847 1230 Egyptios
876 1157 1011 1227 quoque
1037 1131 1202 1225 recessisse,
1228 1135 1329 1206 nostri
1361 1133 1508 1205 certatim
1534 1135 1569 1203 δι

536 1239 682 1310 alacriter
707 1235 828 1334 absque
853 1236 1094 1334 impedimento
1119 1237 1318 1330 transierunt,
1343 1239 1409 1330 sed,
1428 1241 1515 1334 quia,
1534 1263 1569 1310 ut

536 1345 678 1441 superius
696 1343 834 1416 relatum
852 1345 907 1436 est,
925 1342 1049 1416 fossatis
1063 1345 1227 1417 &limosa
1244 1346 1475 1418 materiatum
1492 1367 1567 1439 pro-

465 1449 473 1464 '
536 1451 730 1548 pugnaculis
757 1449 862 1521 hostes
879 1452 1064 1522 munierant
1082 1451 1168 1543 loca,
1192 1477 1282 1524 tanta
1304 1453 1338 1522 in
1359 1451 1491 1522 ascensu
1508 1448 1568 1518 suit

536 1555 719 1647 difficultas,
745 1581 780 1628 ut
799 1557 853 1629 vix
870 1559 946 1652 equi
964 1555 1028 1628 fine
1047 1555 1215 1630 sessoribus
1233 1562 1268 1631 &
1286 1557 1366 1630 sellis
1383 1557 1477 1628 eiedli
1494 1556 1566 1651 pos-

537 1665 605 1735 sent
621 1661 804 1736 ascendere.
822 1663 999 1761 Templarij
1019 1663 1177 1760 preduces
1194 1667 1228 1736 in
1245 1664 1375 1737 ascensu
1392 1687 1566 1759 equorum,

536 1771 650 1840 etesiis
676 1766 783 1866 fignis,
811 1772 934 1865 peruici
956 1772 1048 1841 cursu
1070 1769 1113 1841 ad
1134 1773 1299 1844 civitatem
1320 1775 1467 1861 veniunt,
1493 1767 1566 1839 ster·

535 1897 649 1947 nentes
666 1874 820 1971 perfidos,
843 1877 911 1972 qui,
937 1874 1092 1948 audadler
1112 1876 1154 1949 de
1172 1879 1274 1976 portis
1292 1877 1414 1976 egressi,
1436 1876 1566 1948 venien·
1580 1901 1716 1962 v.,r.9=0‚
1729 1919 1750 1948 c.
1761 1917 1785 1948 1.

535 1981 617 2054 tibus
635 2007 854 2055 occurrerunt.
873 1984 924 2055 Sic
942 1985 1049 2056 noster
1066 1987 1221 2056 exercitus
1239 1987 1379 2056 tentoria
1398 1986 1433 2053 ἃ
1449 2007 1565 2052 manu·

535 2088 603 2161 bias
616 2089 817 2188 fitgiencium
827 2090 970 2188 diripuit,
981 2091 1117 2164 tarchias
1126 2091 1281 2189 plurimas
1290 2095 1325 2163 &
1333 2117 1449 2162 omnes
1457 2089 1566 2188 galeas

535 2222 611 2268 curn
627 2194 784 2268 barbottis
803 2200 838 2268 δι
855 2199 923 2269 aliis
941 2195 1088 2290 navibus,
1106 2225 1170 2294 que
1187 2199 1270 2271 insta
1288 2197 1392 2270 casale
1406 2198 1507 2292 usque
1524 2194 1566 2268 ad
1580 2220 1646 2280 lup.
1658 2229 1746 2278 2³32*
1758 2230 1780 2264 ι.

534 2303 699 2376 civitatem
715 2303 970 2396 inveniebantur,
995 2331 1073 2376 cum
1099 2305 1167 2376 aliis
1185 2305 1295 2402 spoliis
1311 2306 1449 2377 victores
1467 2327 1566 2374 occu·

533 2435 702 2509 paverunt.
717 2411 810 2482 Multi
822 2409 1006 2503 bellatores,
1021 2411 1136 2484 relidlis
1151 2407 1303 2484 uxoribus
1318 2435 1357 2482 ac
1370 2410 1454 2500 filiis,
1467 2411 1566 2482 territi

532 2542 669 2616 propter
684 2519 894 2615 inopinatum
912 2515 1089 2611 transitum,
1113 2517 1154 2590 de
1171 2520 1326 2590 Damiata
1344 2517 1507 2615 sugerunt,
1530 2519 1584 2610 &U

533 2622 575 2696 fic
591 2649 650 2723 per
666 2651 783 2723 gyrum
801 2623 935 2697 firmiter
952 2623 1077 2698 obsessa
1096 2626 1141 2697 est
1158 2626 1280 2699 civitas.
1298 2623 1362 2697 Sed
1376 2649 1444 2721 quo
1457 2623 1564 2696 modo

533 2732 764 2829 scriptumest:
780 2763 798 2796 o
814 2737 952 2802 Extrema
969 2735 1082 2827 gaudii
1098 2735 1195 2804 ludius
1211 2757 1337 2828 occupat
1351 2763 1370 2794 o
1387 2729 1563 2828 (Provetb,

533 2857 609 2925 xw,
635 2843 703 2938 13),
721 2836 763 2909 stc
779 2840 814 2910 δι
832 2865 872 2911 ve
885 2853 895 2884 ¹
910 2837 1097 2911 succeffibus
1115 2841 1219 2912 eciam
1236 2835 1383 2910 felicibus
1401 2865 1421 2908 a
1439 2835 1563 2910 casibus

532 2942 687 3018 adverfis!
706 2947 835 3043 Agente
849 2943 1008 3041 squidem
1021 2945 1243 3042 quorumdam
1260 2945 1415 3017 salsorum
1428 2945 1563 3017 fratrum

532 3050 668 3149 persidia
681 3053 804 3123 saelum
817 3052 871 3143 est,
889 3077 924 3124 ut
937 3052 1053 3144 hostes,
1072 3053 1241 3150 resumptis
1253 3050 1373 3124 viribus
1385 3054 1420 3122 δε
1433 3053 1561 3142 animis,

532 3157 726 3230 adveniente
744 3158 917 3230 Coradino
933 3185 1009 3231 cum
1018 3159 1189 3256 Alappinis
1206 3162 1241 3231 δι
1258 3160 1402 3230 maxima
1418 3158 1561 3229 multitu·

532 3265 620 3357 dine,
637 3263 821 3338 obfidentes
835 3267 999 3338 civitatem
1011 3265 1198 3337 christianos
1212 3262 1420 3363 periculosius
1433 3259 1560 3336 obside·

531 3395 603 3444 rent
618 3375 664 3462 ἃ,
690 3371 842 3469 nist²per
859 3371 1007 3443 divinum
1031 3371 1202 3443 consilium
1227 3374 1333 3469 prima
1357 3372 1468 3460 casira,
1496 3397 1560 3468 que

531 3503 622 3550 erant
637 3479 721 3550 inter
734 3505 823 3550 mate
840 3481 875 3550 &
890 3476 1036 3570 fluvium,
1054 3501 1179 3550 retenta
1197 3475 1327 3548 fuissent
1344 3479 1486 3548 maxime
1502 3501 1560 3575 per

531 3583 671 3656 frisones
687 3588 722 3657 ἃ
738 3585 973 3676 Theutonicos,
996 3609 1108 3683 portus
1126 3581 1222 3656 nobis
1239 3581 1364 3656 ablatus
1382 3581 1500 3676 suisset,
1524 3587 1559 3656 δι

531 3694 710 3788 negocium
725 3691 901 3789 plurimum
913 3691 1132 3789 periclitatum
1145 3688 1319 3763 vacilasset.
1333 3689 1397 3762 Sed
1414 3715 1450 3761 ut
1463 3691 1558 3762 mira·

531 3800 640 3872 culum
657 3800 775 3895 presati
793 3797 938 3871 transtus
959 3797 1294 3870 commendaretur&
1311 3797 1372 3868 soli
1393 3797 1522 3869 Christo
1545 3811 1768 3878 ³V,t.9r⁰,e.2„

531 3903 747 3996 ascriberetur,
766 3905 809 3978 ad
827 3931 951 3978 tantam
971 3906 1135 3978 Sarraceni
1153 3903 1313 3978 devenere
1332 3907 1558 3994 temeritatem,

532 4035 567 4082 ut
584 4009 728 4083 diluculo
746 4010 870 4084 sabbati
886 4035 962 4083 ante
980 4013 1116 4084 terciam
1133 4007 1391 4110 Quadragesrme
1405 4012 1558 4082 Domini·

571 4269 580 4304 r
599 4253 628 4306 V.
638 4267 678 4306 nt.
691 4279 724 4290 -
737 4269 752 4304 2
767 4251 796 4306 V.
811 4249 862 4303 ubl.
875 4279 909 4290 -
925 4266 937 4316 3
954 4251 985 4302 V.
1002 4250 1149 4308 Christiano.
