3694 5626
459 523 764 579 CRUCIGERORUM
789 521 1071 576 RHENANORUM.
1229 518 1268 601 55

252 751 347 848 Igitur
371 773 475 820 nonas
491 744 699 839 Novembris,
716 745 880 818 Salvatore
896 741 1010 815 mundi
1025 767 1217 842 regnante,
1211 742 1272 814 do-
1285 725 1376 838 risi}

30 874 75 930 v
82 870 180 931 tino,
188 888 208 920 e
217 885 238 920 ι
250 858 342 927 mino
358 855 462 961 Petro,
480 851 653 924 Albanensi
670 853 838 972 episcopo,
860 849 1036 950 apostolice
1054 848 1135 923 sedis
1151 835 1273 956 legato

249 953 445 1032 sollemniter
453 961 628 1068 ingilante
645 985 734 1030 anno
747 960 856 1056 gracie
873 949 1040 1028 millesimo
1053 953 1273 1028 ducentesimo

250 1067 343 1138 notio
272 1051 492 1138 *decimo
512 1091 609 1178 capta
633 1067 677 1136 est
700 1067 853 1136 Damiata
871 1061 991 1159 absque
1011 1060 1194 1154 dedicione,
1209 1061 1275 1134 sine

251 1170 448 1262 defensione,
464 1172 518 1242 seu
522 1162 704 1261 vifflsiicia,
717 1159 781 1239 s
728 1196 781 1240 ne
782 1155 1048 1265 depredacione,
1060 1120 1274 1261 veltuniultu,

251 1304 287 1350 ut
302 1279 362 1349 soli
379 1279 454 1349 filio
472 1279 537 1349 Dei
554 1275 687 1349 evidens
709 1274 882 1347 ascribatur
897 1276 1044 1364 visioiia,
1074 1301 1131 1372 qui
1121 1276 1274 1372 populo

35 1401 72 1458 n,
84 1418 105 1462 i·
118 1412 173 1460 239,
185 1415 205 1483 ‘7
218 1414 238 1447 ι.
252 1385 309 1455 suo
326 1382 505 1482 ingressum
522 1385 555 1454 in
572 1383 731 1482 Egyptum
750 1383 900 1480 aspiravit
921 1378 1096 1454 &ibidem
1113 1385 1194 1455 vites
1214 1385 1275 1454 mi-

251 1492 402 1563 nistravit.
435 1491 471 1562 Et
496 1516 573 1562 cum
598 1494 631 1562 in
660 1491 761 1562 oculis
790 1492 874 1589 regis
902 1487 1075 1582 babylonis
1108 1513 1276 1587 caperetur

252 1599 373 1688 civitas,
401 1623 470 1668 non
493 1598 536 1668 est
558 1599 660 1688 ausus,
687 1597 805 1670 Christi
830 1597 956 1688 milites,
983 1595 1023 1668 ad
1055 1593 1276 1668 defensionem

251 1729 382 1801 paratos
401 1730 494 1775 more
508 1705 565 1774 suo
582 1729 642 1800 per
653 1701 807 1774 fossatum
819 1703 965 1773 nostrum
982 1702 1138 1801 aggredi,
1155 1699 1276 1774 eodem

252 1835 402 1908 tempore
421 1808 536 1884 fluvius
555 1809 738 1881 excrescens
754 1811 846 1904 aquis
863 1806 1029 1880 uberrimis
1047 1807 1199 1882 fossatum
1215 1811 1276 1880 im·

250 1916 361 2014 plevit.
388 1917 455 2014 lpse
478 1941 557 1988 vero
585 1915 737 1989 confusus
765 1917 898 2014 proptia
923 1916 1023 1986 castra
1046 1915 1276 1989 combussit&

252 2023 347 2122 fiigit,
364 2026 453 2095 Deus
470 2047 591 2114 autem,
615 2025 672 2119 qui
689 2023 786 2094 tercia
807 2020 860 2093 die
876 2047 977 2118 aquas
995 2021 1053 2093 sub
1069 2021 1275 2096 firmamento

253 2133 467 2229 congregavit
478 2131 512 2200 in
525 2129 636 2200 locum
651 2155 766 2219 unum,
783 2129 850 2226 ipse
865 2129 943 2200 feria
960 2131 1059 2200 tercia
1070 2127 1184 2201 mensis
1198 2131 1274 2223 Maii
1287 2149 1342 2197 Mat.
1356 2163 1375 2210 ς.

253 2237 414 2334 agonistas
431 2237 504 2306 suos
519 2261 578 2334 per
596 2261 696 2332 aquas
714 2237 811 2307 maris
833 2233 983 2331 perduxit
1000 2234 1042 2307 ad
1059 2259 1192 2332 portum
1209 2238 1275 2308 Da·

254 2345 364 2432 miate,
390 2340 524 2414 eosdem
542 2342 621 2412 feria
640 2343 737 2414 tercia
753 2340 869 2414 mensis
887 2340 1045 2432 Februarii
1063 2341 1202 2414 traduxit
1219 2368 1277 2440 per
1287 2365 1350 2412 seu.
1361 2377 1383 2427 ς.

253 2449 365 2521 Nilum
383 2447 424 2520 ad
442 2445 654 2520 obfidendam
671 2449 846 2540 civitatem,
859 2446 948 2518 idem
966 2448 1045 2519 seria
1057 2452 1148 2520 tertia
1160 2446 1275 2520 mensis

253 2554 449 2628 Novembris
473 2557 663 2627 Damiatam
690 2557 788 2651 cepit,
816 2557 900 2626 inter
925 2579 1026 2650 aquas
1049 2553 1149 2626 sitam.
1179 2556 1378 2636 flammas.

255 2659 367 2733 urbem
384 2661 482 2735 vitule
499 2663 717 2734 constemanti
743 2658 911 2757 possumus
937 2661 1115 2733 assimilare.
1144 2664 1276 2734 Vitulam

40 2785 242 2844 vaf-uruca-
255 2768 457 2865 appellamus
486 2794 620 2867 propter
645 2771 711 2840 eius
735 2769 900 2839 lasciviam
925 2792 977 2860 eo,
1008 2766 1100 2864 quod
1124 2767 1276 2868 piscibus,

255 2873 368 2948 avibus
385 2878 420 2947 δι
437 2877 573 2973 pascuis,
592 2877 767 2967 frumento,
784 2874 885 2945 hortis
901 2876 935 2946 &
951 2877 1105 2972 pomeriis
1122 2875 1277 2970 abundet,

254 2981 478 3082 negociando,
488 2984 668 3080 pyraticam
676 2981 841 3053 maliciam
849 2981 1043 3071 exercendo,
1054 2980 1174 3054 deliciis
1188 2981 1277 3056 efflu-

253 3089 300 3159 xit
316 3091 349 3160 in
367 3090 474 3188 culpa,
499 3087 679 3186 pereffluitit
692 3090 727 3158 in
743 3088 914 3186 gehenna3
937 3086 992 3159 sed
1009 3113 1073 3160 una
1089 3089 1171 3161 hora
1190 3093 1278 3164 venit

254 3193 412 3266 iudicium
440 3197 516 3266 eius.
544 3199 780 3314 Constantiniani
805 3193 954 3286 dicimus,
980 3195 1056 3314 quia
1079 3197 1179 3267 tercio
1196 3219 1279 3269 terre

256 3323 350 3371 motu
364 3300 600 3373 habitatores
573 3327 640 3372 eius
649 3303 823 3421 perierunt,
836 3301 904 3397 ipsa
916 3326 1026 3372 tamen
1038 3303 1164 3424 integra
1176 3329 1278 3376 rema·

254 3429 364 3500 nente,
389 3435 409 3479 a
425 3411 540 3480 Grecis
556 3411 591 3479 δι
606 3409 724 3479 latinis
741 3408 848 3503 primo
868 3406 928 3479 sitit
944 3405 1080 3500 obsessa,
1106 3434 1162 3504 qui
1152 3407 1220 3480 ab
1240 3436 1279 3481 ea

256 3466 474 3607 discesserunt,
498 3501 616 3586 deinde
637 3542 656 3586 a
672 3515 788 3585 latinis
803 3512 861 3586 sub
879 3515 1055 3607 Almaiico,
1080 3541 1156 3614 rege
1173 3515 1278 3587 lhero-

255 3619 453 3710 solimiran0,
484 3622 539 3717 qui
556 3621 691 3692 minime
708 3621 927 3717 profecerunt,
951 3618 1052 3693 sed
1023 3647 1093 3694 vice
1110 3623 1209 3694 tercia
1224 3646 1280 3694 rex

257 3749 372 3826 regum
386 3728 594 3798 &Dominus
608 3727 855 3800 dominantium
867 3729 961 3800 servis
974 3727 1034 3798 suis
1051 3755 1125 3799 eam
1136 3726 1279 3820 tradidit,

44 3853 79 3910 s,
92 3865 179 3914 μιᾳ,
192 3866 212 3899 e
223 3865 244 3898 2.
259 3835 339 3905 lesus
357 3831 513 3924 Christus,
528 3833 584 3928 qui
601 3833 701 3904 vincit
717 3836 752 3903 δι
768 3859 893 3931 regnat,
910 3835 1115 3931 gloriatur&
1131 3835 1277 3930 impetat.

257 3940 329 4011 Tali
346 3938 431 4010 duce
453 3938 612 4009 christiani
630 3939 757 4030 milites,
786 3941 973 4011 Damiatam
994 3939 1132 4039 ingressi,
1156 3939 1279 4036 plateas
1341 3985 1342 3990 ι

258 4046 322 4114 eius
353 4069 561 4116 mortuorum
589 4043 798 4116 cadaveribus
820 4047 930 4117 stratas
954 4046 1156 4138 invenerunt,
1184 4048 1279 4144 pesti·

256 4147 362 4220 lencia
374 4152 409 4221 δι
422 4150 507 4220 fame
524 4151 751 4240 contritomin,
771 4177 942 4250 argentum
953 4154 988 4224 δι
999 4179 1125 4245 aurum,
1142 4152 1280 4226 inultum

257 4255 352 4324 nimis
368 4281 497 4351 pannos
522 4256 648 4343 sericos,
666 4259 916 4354 negociatorum
932 4259 1032 4332 vestes
1058 4259 1217 4356 preciosas
1245 4262 1280 4332 δι
