3688 5640
519 496 571 550 ou
597 493 881 550 essurcncroun
905 497 929 548 s.
955 497 1096 550 cuucts.
1268 495 1311 575 ,15

810 619 1296 630 *um—*-

292 718 402 817 postea
415 715 520 786 noluit
532 715 691 806 sustinere,
710 713 802 810 quod
815 716 887 786 suus
901 741 982 812 puer
999 713 1232 788 comederetur.
1248 716 1315 788 Rex

292 848 401 896 autem
421 825 502 896 illius
524 849 605 896 terre
630 821 891 894 comminabatur
914 823 1044 893 Heliseo
1065 847 1217 914 mortem,
1240 825 1316 919 quia

292 931 397 1002 noluit
422 929 588 1026 deprecari
611 932 731 1020 Deum,
762 953 798 1000 ut
824 929 924 998 fames
942 925 1074 999 cessaret
1094 931 1135 1018 (2
1155 931 1246 1028 Reg,
1265 951 1315 1020 v1,

73 1043 279 1102 Α-Ηῐιπ
295 1039 431 1136 26-33).
460 1039 515 1108 Per
539 1037 673 1108 alteram
695 1035 862 1107 mulierem
892 1033 1087 1132 fignificatur
1116 1062 1203 1126 caro,
1227 1039 1314 1107 cuius

292 1169 371 1240 puer
397 1142 588 1214 comeditur.
623 1145 701 1214 Hoc
727 1144 781 1229 esl,
813 1165 912 1238 opera
940 1167 1086 1238 pereunt,
1115 1143 1233 1214 scilicet
1257 1167 1315 1239 per

291 1251 414 1348 gulam,
432 1250 484 1321 vel
496 1251 664 1337 luxuriam,
682 1249 734 1320 vel
747 1247 834 1333 aliud
847 1272 1019 1344 peccatum
1035 1250 1156 1340 carnis3
1175 1275 1231 1344 per
1242 1251 1314 1320 reli·

185 1451 188 1456 Ι
292 1383 391 1452 quam
418 1357 587 1428 mulierem
608 1354 804 1454 fignificatur
825 1353 968 1451 quelibet
987 1353 1089 1424 fidelis
1106 1357 1226 1446 anima,
1250 1381 1314 1450 que

291 1488 361 1534 non
381 1463 450 1534 vult
473 1463 631 1552 sustinere,
659 1459 750 1558 quod
772 1463 843 1532 suus
864 1486 945 1558 puer
966 1459 1148 1552 devoretur,
1174 1461 1239 1532 hoc
1259 1462 1313 1552 esl,

292 1569 383 1664 quod
408 1570 464 1640 sua
491 1594 592 1665 opera
630 1593 764 1664 pereant
793 1589 928 1664 propter
961 1566 1090 1638 delicias
1117 1570 1230 1639 carnis.
1259 1569 1314 1640 Per
1389 1597 1392 1602 ·

291 1674 467 1766 Helyseum
484 1673 679 1772 fignificatut
695 1673 847 1746 Christus.

340 1787 434 1854 ltem:
452 1781 583 1878 Triplex
600 1781 644 1852 est
656 1783 767 1852 mensa
780 1781 926 1877 corporis
946 1805 1003 1874 per
1015 1777 1106 1850 cibos
1124 1781 1242 1872 anime,
1255 1808 1314 1879 per

289 1888 489 1960 sacramenta
503 1889 665 1984 utriusque
677 1889 712 1957 in
725 1885 809 1978 celo,
823 1885 878 1958 ubi
892 1885 995 1956 nullus
1010 1885 1053 1956 est
1062 1885 1216 1958 defectus.
1230 1887 1312 1959 Refi-

289 1994 415 2064 ciantur
434 1994 532 2092 igitur
552 1995 586 2064 in
611 1993 677 2064 hoc
702 1993 809 2065 seculo
832 2017 899 2064 tam
925 1990 1014 2080 cibis,
1041 1990 1153 2086 quoad
1183 2019 1312 2092 corpus,
1348 2017 1356 2034 ·

290 2125 389 2196 quam
403 2103 619 2192 sacramentis,
637 2099 749 2196 quoad
766 2101 921 2190 animam,
936 2097 1113 2170 secundum
1128 2097 1311 2173 dodrinam

289 2208 352 2278 Dei
374 2232 409 2278 ut
425 2205 606 2278 reficiamur
622 2204 665 2277 ad
688 2207 833 2277 mensam
849 2205 997 2276 celestem
1019 2207 1053 2275 in
1071 2229 1218 2278 eternum
1235 2234 1312 2278 cum

288 2314 393 2412 gloria
407 2311 623 2385 indeficiente.

338 2425 431 2492 ltem:
450 2419 528 2518 liget
544 2419 633 2492 dives
650 2422 683 2490 in
703 2419 863 2516 principio
881 2417 999 2509 morbi,
1017 2421 1177 2514 quoniam
1190 2423 1312 2494 recusat

289 2525 466 2616 medicum,
492 2524 572 2596 dum
593 2525 697 2597 curari
718 2527 833 2621 potest,
863 2528 897 2595 δι
919 2523 1035 2616 differt,
1062 2523 1181 2614 donec,
1202 2527 1312 2623 super-

289 2635 439 2706 veniente
459 2656 576 2722 morte,
603 2633 706 2702 curati
724 2657 792 2702 non
810 2631 925 2727 potest,
947 2634 981 2702 dt
998 2655 1076 2701 tunc
1093 2633 1213 2703 recusat
1235 2657 1311 2702 eum

289 2737 449 2830 medicus3
460 2737 501 2809 fic
511 2738 554 2809 est
563 2737 605 2808 de
614 2761 797 2834 peccatore,
811 2739 867 2833 qui
876 2739 1016 2832 sequitur
1026 2763 1167 2808 carnem.
1183 2739 1312 2834 Respuit

289 2847 377 2918 enim
394 2843 592 2916 medicinam
609 2846 683 2936 Dei,
703 2842 837 2940 quando
853 2845 941 2915 Deus
959 2845 990 2914 se
1008 2841 1103 2915 offert
1120 2845 1148 2914 ei
1165 2847 1200 2915 ἃ
1214 2867 1312 2915 vocat

288 2979 363 3025 eum
377 2949 420 3023 ad
433 2951 601 3022 servicium
614 2953 715 3042 suum,
730 2953 765 3022 ἃ
775 2949 881 3022 differt
894 2973 1057 3047 peccator,
1073 2948 1192 3042 donec,
1205 2975 1312 3022 morte

288 3058 548 3156 superveniente,
577 3059 686 3129 veniat
714 3055 886 3147 iudicium,
915 3060 950 3128 ἃ
980 3081 1059 3127 tunc
1089 3057 1207 3154 respuit
1235 3083 1311 3129 eum

288 3165 460 3235 Dominus.

335 3273 428 3342 ltem:
449 3272 613 3368 Sanguine
635 3271 754 3343 Chrisli
771 3267 963 3342 calefiebant
980 3270 1063 3342 clavi
1084 3271 1117 3341 in
1135 3295 1244 3361 cruce3
1269 3267 1311 3341 fic

289 3373 607 3473 debentpeccatores
620 3376 758 3449 accendi
768 3379 801 3449 in
814 3379 946 3449 caritate
959 3375 1001 3449 ad
1015 3377 1184 3449 servicium
1193 3377 1312 3448 Christi

82 3509 106 3553 n
118 3505 134 3554 τ.
146 3507 175 3554 ετ
189 3506 211 3566 u,
223 3522 243 3553 e.
256 3519 276 3552 ι.
288 3507 346 3578 per
363 3483 552 3582 sanguinem
565 3483 691 3555 Christi.
708 3485 764 3556 Per
780 3484 891 3556 clavos
904 3486 992 3556 enim
1005 3481 1221 3582 fignificantur
1232 3505 1310 3580 pec·

289 3613 413 3661 catores
434 3591 567 3661 racione
590 3589 772 3688 frigiditatis
789 3594 824 3662 &
840 3589 983 3682 duriciei,
1014 3593 1049 3661 δι
1074 3615 1132 3686 ρετ
1157 3589 1310 3661 malleum

288 3692 431 3792 infigitur
451 3695 559 3766 clavus
589 3697 623 3765 in
645 3721 753 3787 cruce3
779 3693 820 3766 src
839 3723 899 3793 per
919 3694 1196 3793 ponderofitatem
1213 3695 1310 3793 culpe

288 3801 468 3898 inpingitur
484 3825 641 3898 peccator
655 3803 688 3873 in
706 3803 884 3874 cruciatum
901 3829 986 3900 pene
1002 3802 1203 3901 gehennalis.

310 3999 313 4008 Ι
336 3911 428 3978 stem:
448 3912 481 3978 ln
497 3907 670 4007 Evangelio
687 3909 815 4006 legitur,
834 3907 925 4005 quod
943 3907 1078 4005 quidam
1094 3911 1188 4006 porci
1203 3910 1310 3980 vexati

288 4039 380 4085 erant
397 4041 416 4085 a
434 4012 630 4085 demonibus
647 4012 866 4087 &currebant
880 4017 915 4086 in
934 4041 1022 4087 mare
1038 4016 1232 4107 (Luc.,vn1,
1247 4014 1308 4088 26-

289 4119 366 4216 36),
379 4117 421 4190 fic
431 4120 474 4191 est
487 4119 529 4192 de
539 4118 733 4216 quibusdam
742 4119 941 4214 hominibus,
955 4123 1010 4218 qui
1023 4119 1065 4193 src
1073 4123 1187 4195 vivunt
1199 4121 1309 4193 secun·

287 4222 368 4296 dum
383 4249 516 4297 carnem
536 4251 596 4324 per
617 4224 798 4308 demonum
814 4227 1065 4330 suggestionem,
1087 4225 1178 4326 quod
1196 4229 1310 4302 vivunt
