3688 5640
485 523 791 577 cnoctoanouum
817 521 1100 576 rubuariorum.
1255 521 1302 602 45

597 641 702 653 —¹

55 767 96 826 a,
108 783 130 828 p.
142 779 231 826 ηιμ.
243 777 264 812 ι.
278 741 493 830 attendentes,
511 741 630 838 ripam,
646 737 741 810 nobis
756 736 954 838 oppositam,
973 735 1096 811 fossatis
1109 743 1144 810 &
1155 739 1305 838 argillosa
1321 765 1380 814 12¹9

280 849 414 921 materia
439 874 517 920 cum
533 847 790 945 propugnaculis
806 847 921 945 ligneis
938 847 1008 918 altis
1023 849 1220 937 munierunt,
1237 873 1306 918 ma·

280 956 391 1029 chinas
401 955 596 1052 &petrarias
609 951 732 1025 ibidem
744 953 900 1044 locantes,
909 979 967 1049 per
978 953 1091 1024 locum
1103 953 1195 1025 illum
1207 953 1305 1024 trans·

280 1061 379 1136 eundi
391 1063 484 1159 spem
497 1060 592 1132 nobis
609 1060 733 1133 auferre
744 1058 931 1158 gestiebant.
949 1060 1087 1130 Acasali
1106 1086 1196 1152 vero,
1213 1059 1307 1156 quod

279 1169 419 1241 miliario
437 1168 504 1239 fere
521 1166 614 1238 distat
632 1193 651 1237 a
668 1166 808 1255 civitate,
828 1164 882 1237 ubi
899 1165 959 1236 hec
973 1191 1063 1238 nova
1078 1167 1224 1236 municio
1246 1167 1308 1236 im·

64 1297 107 1352 v,
116 1295 134 1342 f.
145 1296 159 1341 a
170 1291 235 1352 vae
244 1305 265 1342 r.
280 1273 474 1366 minabatur,
493 1301 552 1372 per
563 1273 776 1346 transversum
785 1271 927 1344 fluminis
941 1275 1074 1346 navium
1086 1271 1307 1345 immersiones

281 1385 426 1456 fecerunt
442 1407 518 1453 cum
535 1380 616 1477 palis
633 1379 737 1451 infixis
754 1381 884 1478 gurgiti.

218 1481 220 1485 ¹
326 1482 1307 1604 Apostoliceverosediskgatus,desideriumhabensbonum
1374 1507 1376 1512 '

281 1593 634 1684 obsidendi-civitatem,
648 1619 757 1684 naves,
771 1587 912 1689 superius
924 1617 1154 1691 congregatas,
1171 1589 1308 1692 urgebat

280 1699 325 1775 ad
340 1697 518 1774 transitum.
540 1697 637 1774 Unde
650 1725 822 1798 coggones
839 1699 1146 1796 propugnaculis&
1164 1699 1308 1794 castellis,

280 1810 356 1881 viris
373 1808 477 1880 eciam
501 1808 632 1877 armatis
652 1808 779 1896 muniti,
794 1820 802 1852 ¹
817 1806 917 1904 galeis
935 1803 1070 1878 navibus
1089 1805 1306 1901 sequentibus,

282 1914 438 1988 Christo²
457 1910 552 2000 duce,
572 1937 630 2009 per
652 1913 769 2008 scripta
787 1913 930 2010 pericula
945 1915 979 1983 in
996 1910 1180 1984 transrone3
1200 1915 1308 1986 evase·

283 2046 368 2112 runt,
384 2020 490 2092 hostes
506 2017 839 2110 autem,·dissrmulato
856 2043 957 2108 metu,
975 2043 1037 2090 tres
1054 2017 1185 2091 ordines
1202 2046 1308 2092 arma·

284 2153 393 2200 torum
410 2127 544 2198 stacioni
561 2127 694 2198 navium
716 2126 896 2196 nostrarum
913 2127 1179 2222 composuerunt.
1199 2129 1308 2202 Unam

283 2234 434 2332 peditum
457 2234 550 2328 super
574 2232 679 2329 ripam
696 2258 773 2303 cum
789 2231 911 2328 clipeis,
935 2257 1018 2327 quos
1044 2231 1179 2304 tarchias
1197 2233 1309 2328 appel·

281 2342 360 2434 lant,
377 2343 565 2415 lineariter4
576 2339 781 2430 ordinarunt,
807 2337 983 2410 secundam
999 2340 1073 2436 post
1089 2337 1222 2410 dorsum
1239 2340 1309 2410 illo·

282 2445 498 2520 rumfimilem
505 2449 616 2544 priori,
626 2448 760 2518 terciam
773 2448 920 2542 equitum
928 2447 1068 2545 longam
1081 2449 1116 2517 &
1124 2444 1308 2534 terribilem,

282 2553 397 2626 islibus
417 2554 567 2652 lapidum
592 2557 626 2625 ἃ
648 2555 788 2626 telorum
811 2555 1004 2625 venancium
1021 2554 1200 2625 stacionem
1216 2553 1311 2624 chris-

283 2662 457 2734 tianorum.
477 2663 560 2733 Sane
572 2662 605 2732 in
625 2662 704 2732 festo
722 2663 839 2732 Sansle
853 2659 995 2758 Agathe,
1015 2685 1091 2730 cum
1108 2657 1311 2732 coadunatus
1323 2686 1417 2748 reses.

284 2765 362 2838 esser
375 2767 518 2865 populus
534 2766 693 2857 fidelium,
720 2768 776 2863 qui
794 2766 846 2838 die
866 2767 1013 2862 sequenti
1031 2792 1099 2838 erat
1115 2765 1312 2862 transiturus,

284 2875 392 2971 pluvie
418 2875 557 2946 &venti
580 2875 720 2944 multum
744 2872 934 2945 discriminis
959 2874 1072 2945 nostris
1093 2873 1312 2968 contulerunt,

284 2981 339 3054 l'ed
355 2983 427 3078 pius
446 2983 548 3072 Deus,
565 2982 735 3078 respiciens
757 2977 801 3052 ad
818 2982 918 3052 castra
934 2983 1077 3072 suorum,
1095 2979 1186 3077 quod
1199 2982 1312 3054 secun-

76 3105 205 3165 B·‚r·232›
219 3121 238 3150 c·
250 3119 272 3151 ι
284 3088 487 3160 dum-causas
502 3088 670 3160 inferiores
685 3087 817 3159 difficile
833 3085 1013 3176 videbatur,
1031 3088 1221 3158 facillimum
1235 3087 1312 3160 effe·
1420 3123 1426 3136 ·

74 3221 115 3278 v,
132 3218 272 3278 ravam.
284 3197 339 3282 cit,
356 3195 409 3285 sue¹
421 3195 545 3266 virtutis
558 3197 718 3267 innovans
732 3194 897 3266 miracula.
916 3195 986 3265 Post
998 3193 1143 3266 mediam
1156 3192 1313 3288 fiquidem

283 3306 418 3373 nossem
435 3325 563 3372 tantum
584 3327 742 3398 pavorem
764 3299 901 3372 soldano
921 3298 1093 3392 babylonis
1118 3303 1154 3371 dt
1178 3303 1313 3375 catervis

284 3409 349 3479 eius
366 3407 500 3499 incussit,
518 3433 564 3499 ut,
581 3408 696 3480 relidlis
714 3409 832 3500 castris,
850 3408 991 3504 Egyptiis
1010 3406 1277 3506 [ignorantibus],
1299 3421 1311 3470 ⁵

285 3536 369 3607 quos
385 3511 429 3583 ad
445 3513 653 3586 resistendum
670 3514 890 3605 ordinaverat,
911 3517 945 3584 in
962 3515 1031 3586 sola
1049 3515 1127 3612 fuga
1144 3515 1236 3611 spem
1251 3539 1313 3612 po-

283 3645 383 3690 neret.
404 3620 553 3718 Quidam
570 3646 680 3693 autem
693 3622 851 3720 apostata,
874 3623 941 3718 qui,
958 3622 1064 3693 multo
1081 3623 1149 3691 iarn
1165 3646 1314 3717 tempore

285 3723 488 3799 christianam
500 3728 609 3827 legem
624 3726 842 3828 transgressus,
861 3728 998 3800 soldano
1017 3727 1217 3818 militaverat,
1231 3727 1314 3798 stans

285 3832 319 3902 in
336 3833 406 3930 ripa
424 3834 541 3932 gallice
558 3833 744 3908 clamabat:

334 3940 447 4038 Quare
472 3944 670 4014 moramini?
689 3941 781 4041 Qid
799 3943 987 4041 trepidatis?
1007 3941 1099 4039 Quid
1114 3940 1278 4016 hesitatis?
1300 3947 1314 3993 ⁶

323 4081 334 4116 r
353 4065 382 4116 V.
391 4065 453 4116 &A
464 4065 573 4118 munitis.
582 4085 642 4118 -a
656 4067 682 4116 V.
690 4065 771 4120 Chris·
833 4066 990 4132 Damianna,
999 4067 1315 4137 p.1408.-6Gorrigen·

285 4143 362 4223 tianq.
378 4175 414 4184 -
432 4162 445 4210 3
462 4146 491 4198 V.
503 4146 532 4197 U
545 4147 573 4198 B.
590 4145 615 4198 in
628 4146 770 4199 tranliones.
833 4149 892 4198 dum
909 4145 1014 4199 videtur
1028 4155 1122 4198 etextu
1135 4146 1257 4216 Olivers‘j,
1270 4157 1317 4218 pro

286 4252 320 4264 -
332 4242 350 4288 4
363 4225 392 4282 V.
406 4224 476 4294 ligne
489 4237 573 4278 autem
584 4250 592 4292 ς
604 4227 630 4278 B.
644 4225 771 4280 lineanter.
835 4225 938 4292 esuritis,
950 4228 1014 4295 quad
1025 4225 1115 4279 codices
1125 4228 1240 4296 prebent.

287 4331 320 4343 —
331 4320 344 4368 ς
354 4303 492 4373 eunomus
501 4321 534 4358 ex
543 4303 657 4376 Olivert'j
666 4303 773 4374 Hifhrt'a
