3688 5640
498 493 803 548 CRUCIGERORUM
828 494 1111 549 RHENANORUM.
1260 495 1305 576 39

278 713 406 806 accidit,
430 737 465 785 ut
481 717 515 786 in
532 711 727 786 nt'cenfione
742 715 891 805 Domini,
908 713 1043 811 quando
1057 728 1066 760 ¹
1080 740 1179 786 naves
1195 715 1306 813 egredi
1323 711 1423 830 Μζῗξψ

279 818 453 910 debebant,
467 846 566 918 prout
581 823 774 911 iuraverant,
790 849 830 892 ex
842 823 1003 918 insperato
1018 823 1134 922 viginti
1147 845 1209 894 tres
1223 847 1304 920 cog·

277 953 381 1026 gones
398 925 626 1024 subsequentes
643 926 854 1024 applicarent.

326 1035 424 1104 Porro
443 1059 519 1106 curn
542 1035 692 1124 maiores,
717 1059 793 1106 curn
821 1033 913 1132 ligno
943 1034 1051 1105 sande
1075 1037 1177 1106 crucis
1195 1061 1304 1131 prece-

278 1139 391 1212 dentes
410 1141 682 1240 congregacionis
696 1141 809 1212 locum
827 1139 917 1236 apud
929 1141 1116 1212 Districtum
1132 1141 1303 1232 servarent,

44 1271 88 1326 a,
102 1283 128 1327 p.
139 1268 195 1325 aar,
211 1286 232 1316 c.
245 1285 264 1318 ι.
278 1246 390 1318 classes
403 1249 569 1318 minorum
587 1251 621 1318 ἃ
634 1247 816 1340 humilium,
833 1247 961 1318 Christo
973 1261 988 1292 ²
999 1246 1092 1338 duce,
1114 1249 1303 1318 Damiatam

276 1353 361 1424 infra
376 1352 521 1426 triduum
544 1353 782 1451 applicuerunt,
801 1357 836 1425 δι
853 1355 972 1424 mirum
990 1352 1090 1442 dictu,
1109 1356 1164 1450 qui
1182 1353 1303 1425 tardius

211 1451 214 1456 ’
275 1459 396 1530 Achon
413 1487 432 1532 a
450 1485 544 1560 tergo
561 1459 766 1555 reliquerant,
795 1486 853 1556 per
870 1457 949 1530 duas
969 1457 1104 1554 quidam
1121 1458 1302 1532 hebdoma-

275 1562 332 1636 das
350 1565 485 1662 quidem
503 1569 537 1637 ἃ
554 1567 659 1662 supra,
676 1567 776 1661 aliqui
796 1566 900 1637 eciam
916 1591 975 1662 per
992 1567 1147 1658 mensem,
1165 1566 1217 1637 vel
1230 1593 1300 1638 am-

274 1673 356 1768 plius
373 1675 454 1744 mari
470 1675 542 1744 sunt
559 1671 693 1762 detenti,
719 1673 868 1743 Domino
886 1697 995 1743 autem
1013 1671 1183 1744 humilium
1202 1672 1300 1746 alsec-

274 1802 344 1848 tum
366 1779 535 1877 dirigente,
553 1779 694 1850 frisones
711 1782 746 1850 &
762 1779 960 1850 Theutonici
982 1804 1058 1848 cum
1075 1779 1144 1850 aliis
1160 1805 1299 1852 numero

272 1885 383 1981 paucis
403 1910 521 1956 terram
536 1882 690 1956 audacter
704 1882 937 1956 conscendunt.
961 1885 1091 1984 Pagani,
1108 1886 1221 1958 nostris
1239 1883 1299 1956 ob-

270 1993 405 2082 viantes,
414 1993 579 2062 Frisonicis
593 2016 749 2064 corruunt
757 1991 837 2082 telis,
845 1992 1021 2086 ceterisque
1033 1989 1298 2088 viriliterrepulfis

271 2101 408 2170 tentoria
425 2100 508 2170 inter
524 2124 613 2170 mare
628 2101 662 2168 ἃ
673 2098 786 2168 Nilum
804 2096 1023 2168 decentissime
1041 2097 1115 2168 sunt
1131 2095 1293 2170 ordinata.

51 2219 97 2270 v„
114 2215 256 2274 aarum».
317 2207 483 2297 Damiata,
510 2203 616 2294 idest,
641 2206 792 2276 omnium
818 2206 987 2276 civitatum
1008 2203 1123 2302 Egypti
1149 2201 1297 2298 domina,

268 2315 301 2384 in
317 2313 387 2408 ripa
404 2311 469 2382 Nili
485 2313 574 2384 iuxta
601 2339 690 2384 mare
708 2337 868 2409 magnum
895 2313 929 2381 in
947 2310 1049 2382 insula
1065 2313 1169 2382 immo
1188 2311 1296 2409 super·

267 2417 406 2492 floridas
431 2418 475 2489 est
497 2417 562 2492 stra.
582 2420 656 2490 l·lec
669 2420 767 2517 pratis
792 2420 919 2516 semper
937 2414 1122 2509 virentibus,
1140 2417 1297 2492 horrisae

266 2527 431 2625 pomeriis,
458 2526 574 2622 palmis
600 2528 634 2595 ὅ(
659 2523 828 2598 arboribus
854 2521 1051 2596 nobiliffimis
1077 2523 1295 2620 iocundatur3

266 2634 350 2706 muti
383 2633 521 2706 civitatis
544 2635 678 2705 turrium
698 2630 887 2704 fortitudine
917 2629 1134 2728 superbientes
1171 2630 1294 2706 fossatis

264 2765 304 2812 ac
329 2737 434 2812 fluviis
461 2742 767 2840 circumcinguntur.
790 2737 908 2810 Versus
927 2735 1145 2828 occidentem,
1163 2737 1218 2808 ubi
1234 2767 1294 2836 per

265 2845 376 2918 Nilum
402 2848 558 2944 prestatur
582 2845 699 2938 aditus,
722 2871 783 2942 pro
809 2841 943 2914 cullode
964 2845 997 2914 in
1023 2841 1135 2914 medio
1152 2841 1293 2918 fluminis

264 2950 359 3024 huius
373 2951 477 3048 posita
492 2954 536 3024 est
553 2957 656 3042 turris,
675 2978 739 3048 que
753 2951 850 3022 clavis
870 2949 1021 3020 Damiate
1034 2951 1068 3019 ἃ
1082 2973 1177 3044 porta
1194 2954 1292 3024 totius

265 3057 378 3158 Egypri
392 3060 496 3154 potest
509 3061 706 3156 nuncupari3
723 3085 802 3130 nam
815 3082 909 3128 muro
923 3057 1059 3128 civitatis
1072 3057 1114 3128 ad
1127 3057 1212 3128 hanc
1229 3081 1291 3128 tur·

265 3165 327 3236 rint
343 3164 481 3236 cathena
505 3165 615 3236 Nilum
633 3164 787 3237 claudens
804 3161 1018 3261 protenditur,
1036 3189 1100 3259 que
1117 3161 1189 3232 solis
1208 3190 1291 3236 mer·

266 3269 439 3361 catoribus,
457 3271 499 3342 ad
517 3269 709 3368 replendam
725 3271 887 3370 Egyptum
905 3267 1135 3358 festinantibus,
1153 3269 1195 3344 ad
1212 3267 1290 3340 effu·

267 3375 391 3450 sonem
408 3377 552 3450 thelonei
569 3377 661 3449 solita
678 3379 721 3450 est
740 3379 865 3476 aperiri.

449 3617 502 3686 Vl.
522 3621 572 3686 Ue
590 3623 812 3710 expugnatione
829 3625 921 3690 turris
941 3625 1094 3690 'Dumium

313 3799 570 3874 Advenientibus
583 3826 693 3872 autern
711 3803 902 3897 patriarcha,
919 3829 995 3901 rege
1007 3805 1042 3874 ἃ
1054 3801 1137 3873 duce
1154 3801 1288 3892 austrie,

53 3933 84 3990 n,
95 3951 114 3994 p.
126 3933 183 3990 ηε,
194 3947 214 3978 e
229 3945 249 3976 ι.
263 3908 297 3978 in
315 3905 428 3978 divino
453 3904 565 3978 labore
582 3907 728 4004 glorioso
746 3933 861 3982 contra
877 3911 989 3980 turrim
1007 3913 1111 3980 erecte
1129 3906 1201 3978 sunt
1217 3932 1287 3976 ma-

261 4012 367 4105 chine,
385 4015 531 4112 ,petraria
544 4015 579 4084 &
594 4013 763 4108 trabucos,
781 4015 836 4088 sed
853 4015 915 4086 hec
930 4018 1043 4088 omnia
1054 4016 1107 4090 vix
1119 4012 1287 4114 pulverem

300 4207 309 4238 1
326 4191 356 4241 V.
370 4190 542 4258 procedentes.
554 4211 611 4244 -2
624 4193 651 4242 V.
664 4190 746 4244 Chris·
845 4210 858 4260 3
879 4193 907 4245 V.
926 4193 954 4244 ὅ
971 4193 997 4244 R
1020 4192 1102 4260 legunt
1122 4203 1235 4262 ternpore
1248 4190 1286 4244 rel

259 4265 336 4320 riano.
801 4270 1039 4342 smise,puodrtr'ltt'l
1049 4271 1129 4328 vater.
