3694 5626
585 507 1003 564 onsmronrennnunnn.
1239 515 1305 590 109

286 751 416 819 norum,
433 725 489 799 sed
507 727 673 800 Dominus
688 725 771 800 misit
787 729 944 800 nuncium
959 728 1053 800 suum
1068 727 1255 802 Christianis
1272 730 1307 800 ἀ
1321 767 1380 818 ιιι,

285 833 328 905 ad
341 830 548 930 baptismum,
561 835 616 929 qui
627 832 786 907 indicavit
798 836 855 922 eis,
874 835 1009 930 qualiter
1020 836 1184 908 Sarraceni
1198 837 1307 932 cupie-

285 938 366 1012 bant
387 939 558 1036 reimplere
583 936 738 1011 fossatum
763 966 878 1012 eorum
902 943 937 1012 ὅτ
961 939 1059 1014 dixit:
1087 946 1308 1034 Estoteforres,

287 1049 461 1136 Cltrtjiiunt',
480 1053 564 1138 quir,
573 1054 603 1143 fi
621 1049 710 1117 modo
726 1052 843 1118 lebetis
859 1052 1028 1134 videriem,
1047 1074 1147 1118 omnes
1162 1050 1307 1122 recedent.

345 1149 376 1220 L.
411 1150 508 1225 Unde
544 1151 697 1224 dominus
733 1153 859 1251 legatus
899 1153 977 1224 secit
1011 1151 1227 1224 remissionem
1265 1150 1308 1224 de

285 1254 413 1328 duobus
438 1261 532 1330 annis
550 1255 703 1330 omnibus
727 1257 912 1332 volentibus
931 1283 1063 1356 portare
1083 1256 1219 1349 tabulas,
1244 1285 1308 1356 que

284 1385 377 1465 etant
389 1365 475 1436 circa
490 1391 630 1462 pontem
646 1364 689 1437 ad
702 1364 911 1438 defendenda
919 1363 1120 1456 carbonaria,
1132 1367 1167 1436 dt
1181 1362 1222 1436 fic
1236 1391 1307 1436 om·

283 1469 334 1538 nie
346 1471 487 1566 populus
504 1473 653 1560 cucurrit,
672 1475 752 1542 &in
765 1473 836 1568 ipso
850 1469 903 1543 die
916 1471 1038 1543 fastum
1050 1471 1110 1542 fuit
1122 1473 1307 1543 munimen·

284 1597 365 1645 turn.
385 1576 568 1667 Christiani,
586 1579 747 1673 quierant
762 1575 873 1648 abillo
887 1578 985 1648 latere
998 1575 1150 1666 fluminis,
1168 1575 1224 1648 ubi
1240 1605 1308 1652 etat

284 1679 448 1774 soldanus,
463 1684 741 1756 interfecerunt&
757 1683 1007 1756 vulneraverunt
1020 1683 1092 1778 plus
1109 1683 1307 1780 quingentos

283 1789 318 1856 &
337 1788 439 1860 multa
460 1815 550 1860 arma
572 1815 688 1861 eorum
710 1787 900 1861 habuerunt.
919 1788 1132 1879 Corradinus,
1158 1791 1214 1884 qui
1239 1813 1308 1862 erat

283 1888 417 1965 alatere
433 1891 552 1986 fossati,
568 1893 611 1966 ad
627 1895 833 1991 preliandum
848 1921 918 1968 non
936 1895 1034 1968 venit.
1053 1896 1206 1990 Sequenti
1218 1897 1307 1968 enim

283 1996 337 2069 die
361 2001 463 2095 usque
487 2000 531 2072 ad
558 2004 692 2074 notiem
710 2001 837 2096 semper
857 1998 1042 2097 sagittando
1067 2003 1102 2071 ἀ
1118 1998 1306 2074 balestando

281 2105 505 2200 preliaverunt.
530 2105 687 2178 Videntes
722 2107 831 2202 itaque
855 2104 1007 2178 soldanus
1030 2109 1066 2178 δι
1091 2105 1306 2198 Corradinut,

282 2209 374 2305 quod
392 2235 461 2284 non
478 2211 630 2290 valebant
658 2213 845 2284 Christianis
867 2210 1013 2302 resistere,
1040 2238 1101 2284 nec
1126 2213 1306 2288 succurrere

281 2342 351 2408 eos,
380 2319 495 2414 quiin
524 2319 653 2392 civitate
680 2317 902 2391 moriebantur
919 2341 954 2388 ut
981 2343 1089 2406 canes,
1107 2317 1218 2392 reversi
1234 2321 1307 2393 sunt

281 2449 358 2494 cum
375 2425 505 2514 tristitia,
524 2424 748 2496 &Christiani
772 2449 849 2496 cnm
867 2425 1013 2516 vitioria,
1035 2427 1112 2522 quia
1133 2427 1223 2498 Deus
1239 2451 1307 2500 erat

280 2555 357 2602 eum
375 2529 444 2602 illie

327 2637 371 2708 ll.
399 2641 432 2707 ln
455 2637 565 2735 vigilia
592 2638 815 2734 apostolorum
835 2639 976 2710 Simonis
999 2641 1035 2709 dt
1058 2637 1134 2710 lude
1151 2637 1446 2720 soldanusoeom

280 2742 356 2813 fecit
382 2741 541 2814 custodire
562 2745 675 2816 turrim
695 2769 771 2816 cum
791 2746 952 2836 ieremitis,
976 2768 1110 2841 propter
1126 2743 1217 2841 quod
1237 2769 1304 2818 erat

280 2847 407 2946 signum
425 2847 561 2921 navibus
580 2849 782 2922 venientibus
800 2852 997 2923 Damiatam.

327 2956 399 3032 ill*
427 2960 460 3026 ln
482 2956 562 3026 sesto
577 2957 741 3028 Omnium
757 2959 952 3028 Santlorum
967 2954 1123 3029 volebant
1138 2959 1304 3031 Sarraceni
1317 2975 1430 3022 Novemb·
1443 2988 1463 3022 ι·

279 3058 413 3133 reddere
439 3085 556 3134 terram
575 3063 772 3155 Christianis,
802 3065 879 3160 quia
908 3063 998 3135 nullo
1023 3062 1127 3134 modo
1152 3089 1304 3162 poterant

278 3193 353 3239 eam
370 3193 488 3259 tenere,
515 3171 593 3265 quia
622 3171 770 3266 potentia
786 3171 850 3244 Dei
876 3193 945 3242 erat
969 3195 1086 3242 contra
1116 3197 1184 3262 eos,
1216 3169 1304 3244 unde

104 3396 133 3442 P.
147 3393 165 3441 f.
178 3408 224 3455 ¹¹4
233 3395 264 3443 D.
313 3389 383 3446 *Lu
391 3409 416 3446 a.
429 3391 526 3448 litteren
534 3390 669 3458 Sarmenti,
680 3391 723 3462 qui
735 3391 760 3444 in
773 3389 891 3444 Damiate
903 3388 1005 3443 civitate
1015 3389 1130 3451 aderant,
1142 3388 1257 3442 nuntium
1270 3387 1303 3439 ad

277 3469 406 3524 seldenum
427 3471 544 3526 miserunt
563 3471 726 3536 dicenteque
747 3471 781 3522 eia
805 3469 934 3524 subvenire
952 3469 1063 3534 deberet,
1086 3467 1145 3536 quia
1168 3467 1302 3538 pestilentie

277 3553 402 3622 magna&
415 3551 525 3604 mortalis
539 3549 667 3604 infirmitas
679 3568 722 3604 eos
735 3551 891 3621 superaverat
901 3549 992 3615 taliter,
1004 3548 1064 3618 quia
1079 3547 1206 3600 civitatem
1217 3546 1304 3600 desen·

276 3632 336 3684 dere
354 3631 498 3702 nequibant.
523 3634 640 3700 Cumque
656 3631 771 3686 soldanus
787 3632 812 3684 tc
836 3629 989 3684 Corradinur
1008 3629 1054 3681 hec
1074 3627 1151 3680 verba
1171 3625 1303 3694 audissent,

275 3709 409 3778 plurimum
426 3712 481 3766 sunt
499 3713 593 3766 turbati
604 3714 628 3766 dt
640 3711 785 3768 contristati.
807 3709 858 3771 Qui
875 3707 941 3764 illico
959 3709 1025 3764 mille
1042 3705 1154 3760 nominet
1171 3705 1266 3758 nobiles
1278 3707 1303 3762 it

275 3799 390 3856 potentes
399 3807 529 3860 preparare
541 3791 661 3857 fecerunt,
676 3803 703 3844 ut
715 3808 759 3861 pet
768 3788 876 3842 fluminis
886 3805 980 3858 aquam
993 3786 1104 3839 natando
1114 3786 1191 3854 usque
1200 3785 1233 3836 ad
1242 3785 1302 3838 eivi-

276 3881 353 3924 tatem
367 3871 440 3923 nodie
452 3887 554 3940 pergere
564 3871 693 3924 deberent.
714 3872 780 3924 Cum
794 3869 924 3924 Christiani
942 3868 991 3920 hoc
1005 3867 1095 3919 virtute
1108 3864 1211 3918 Domini
1231 3864 1303 3918 intel·

274 3947 394 4016 lexisi'ent,
407 3963 510 4021 pontem
522 3953 547 4004 ἃ
559 3950 668 4003 fluminis
685 3950 764 4020 ripam
778 3947 911 4018 diligenter
926 3946 1049 3999 custodite
1061 3945 1181 4010 fecerunt,
1197 3953 1226 3996 ut
1236 3955 1302 3997 tam-

275 4045 351 4098 quam
369 4031 501 4099 piscatores
515 4047 572 4083 cum
587 4029 652 4084 retiis
665 4047 707 4100 per
719 4027 826 4080 fluminis
836 4027 916 4080 undar
928 4037 1043 4079 natantes
1062 4041 1152 4094 capere
1164 4023 1261 4094 pollint,
1274 4036 1302 4078 ut

275 4108 310 4162 eia
317 4109 366 4162 diei
375 4109 454 4179 poffit,
468 4109 551 4162 Venire
556 4110 607 4178 post
616 4107 766 4176 rrr,satr‘arr
777 4125 824 4160 vos
831 4107 892 4170 fieri
894 4105 1027 4174 piscatores
1038 4105 1158 4158 bertinum
1168 4105 1302 4170 [Marc.,1,

278 4189 329 4260 17]·
348 4191 429 4242 Nolle
441 4189 531 4244 statuta
549 4190 663 4242 veniente
680 4187 854 4258 prospicienter
866 4185 996 4240 Christiani
1014 4183 1129 4238 viderunt
1144 4185 1263 4254 Paganoe
1276 4186 1301 4237 δι

276 4271 422 4328 Sarracenos
435 4287 478 4345 pet
489 4269 596 4328 fluminis
609 4286 702 4342 aquam
712 4267 844 4324 venientes.
864 4269 930 4322 Cum
943 4265 1000 4342 ipsu
1012 4264 1111 4322 viriliter
1125 4264 1301 4342 preliaverunt,
