3658 5616
512 573 551 625 ru
571 571 771 624 ossuuosut
788 571 985 624 sautans.
1193 548 1258 626 165

233 813 355 878 ventas,
373 790 592 860 communiter
608 788 652 860 ad
663 789 839 860 exercitum
853 785 1064 861 decreverunt
1076 789 1148 861 sore
1163 790 1333 874 distri-1219

232 893 389 985 buendas,
406 893 461 966 sed
478 894 544 965 hoc
561 921 631 966 non
651 897 695 967 est
711 895 927 990 completum,
945 892 1023 966 srcut
1035 897 1258 992 promiserant.

234 1001 324 1072 lllulti
337 1025 447 1072 autem
461 1001 581 1071 mortui
593 1003 627 1072 in
641 1003 769 1072 civitate
784 1023 885 1088 erant,
902 1002 936 1070 &
955 1000 1046 1070 multi
1064 1026 1121 1096 per
1138 999 1259 1074 domos

233 1111 267 1177 δι
287 1133 346 1205 per
371 1108 461 1178 vicos
487 1110 523 1177 dt
543 1133 601 1202 per
618 1108 740 1202 plateas
758 1105 907 1201 insepulti
932 1104 1090 1194 iacebant,
1118 1107 1260 1204 ideoque

233 1211 453 1284 intollerabilis
478 1214 512 1282 in
537 1214 666 1284 civitate
691 1213 774 1283 fetor
793 1238 868 1284 etat.
894 1213 946 1284 De
963 1215 1134 1312 otioginta
1151 1237 1261 1284 autem

234 1343 388 1413 quattuor
420 1315 571 1409 millibus,
600 1344 684 1414 quos
713 1316 758 1388 ibi
788 1320 959 1414 reliquerat
987 1319 1152 1407 soldanus,
1191 1344 1261 1390 non

234 1449 325 1510 etant
341 1425 406 1497 vivi
421 1423 477 1496 nist
495 1427 640 1520 quinque
657 1426 747 1496 milia
763 1427 939 1515 Sattaceoi,
959 1426 1026 1497 sere
1043 1451 1152 1496 autem
1174 1428 1261 1499 nulle

235 1532 453 1602 remanserant
483 1531 644 1626 insepulti,
671 1529 787 1626 quibus
815 1531 906 1601 locus
935 1531 1045 1602 deerat
1073 1532 1259 1628 sepeliendi.

235 1639 372 1734 Signum
390 1663 468 1708 vero
490 1638 598 1708 sansle
618 1638 744 1725 Crucis,
770 1662 871 1731 quam
890 1638 1082 1708 multociens
1109 1639 1261 1729 fecerant,

236 1768 349 1814 coram
367 1743 468 1814 oculis
486 1743 599 1814 nostris
625 1747 659 1814 δι
681 1741 924 1841 flagellaverant
944 1747 979 1814 δι
1005 1741 1262 1837 combusserant3

237 1849 380 1921 Christus
407 1849 505 1920 talem
539 1849 581 1920 ab
607 1851 651 1920 eis
677 1852 806 1945 accepit
830 1849 1018 1938 viudit'lam,
1051 1848 1144 1945 quod
1170 1851 1263 1920 multi

237 1977 351 2022 eorum
372 1953 491 2025 morbo
510 1957 629 2026 canino
650 1958 769 2025 mortui
788 1957 869 2045 sunt,
896 1959 930 2026 δι
946 1957 998 2044 alij
1015 1955 1177 2052 languore
1193 1981 1263 2026 ma·

237 2061 345 2148 cerati,
363 2060 415 2150 alij
435 2085 561 2156 guttam
579 2059 667 2156 palli,
693 2061 745 2149 alij
763 2059 858 2131 occist
882 2063 1056 2156 petierunt,
1083 2064 1117 2130 δι
1135 2064 1180 2132 ita
1197 2063 1262 2132 Da·

237 2167 336 2235 miata
354 2166 438 2237 sasla
456 2167 500 2237 est
518 2167 636 2239 Christi
654 2165 810 2262 discipula
833 2165 898 2238 stne
914 2168 1078 2264 sanguinis
1096 2165 1261 2255 effusione,

87 2281 129 2327 sol·
145 2282 188 2341 ¹83
202 2297 222 2324 ²·
238 2296 302 2365 que
320 2273 436 2342 sortior
459 2273 556 2343 totius
575 2271 690 2342 mundi
708 2273 812 2368 potest
830 2273 994 2369 appellari.
1021 2273 1136 2372 Nullus
1154 2297 1263 2344 autem

237 2379 398 2479 princeps,
423 2379 617 2482 Qiffssssa
634 2406 702 2450 nec
724 2380 814 2450 miles
837 2379 942 2475 potest
968 2381 1019 2452 vel
1037 2378 1135 2451 debet
1159 2378 1202 2476 de
1222 2405 1263 2450 eo

237 2475 380 2580 glonari,
398 2481 463 2580 ‘nist
490 2473 718 2576 tamei'b'eus,
745 2487 800 2582 qui
825 2479 1020 2580 semper'esl
1041 2477 1263 2584 laudabilisin

238 2581 343 2676 see-tila
360 2577 550 2660 seculorum.
562 2591 689 2662 'Amen

288 2697 396 2788 ltaque
409 2694 609 2766 Christianus
623 2697 779 2782 exercitus
796 2717 871 2764 ante
883 2695 1083 2787 Damiatam,
1101 2698 1134 2766 in
1151 2693 1264 2767 medio

239 2823 319 2870 terte
337 2803 588 2872 Sarracenorum
611 2799 790 2890 conditam,
815 2797 896 2870 sedit
912 2825 1036 2872 annum
1053 2803 1214 2900 integrum
1230 2806 1265 2873 ἃ

238 2907 362 2977 menses
392 2909 538 3002 quinque
567 2909 602 2978 &
628 2905 851 2979 ebdomadam
880 2933 981 2978 unam
1010 2910 1045 2978 ἃ
1072 2906 1141 2978 dies
1170 2907 1265 2999 duos,

240 3035 418 3106 antequam
447 3039 520 3083 eam
550 3012 715 3084 haberent.
746 3013 918 3084 Christiani
945 3035 1056 3084 autem
1084 3010 1265 3086 habuerunt

239 3143 311 3186 eam
329 3143 478 3213 tempore
496 3119 650 3208 Honorij,
668 3117 833 3216 pontificis
850 3119 978 3210 summi,
996 3119 1189 3190 &friderici
1204 3121 1266 3190 im-

238 3225 405 3320 peratoris,
423 3223 579 3321 fungente
597 3223 652 3294 sub
670 3223 790 3295 eodem
805 3249 953 3320 tempore
970 3227 1003 3296 in
1022 3225 1142 3296 eodem
1154 3226 1263 3298 Chris-

239 3331 404 3399 tianorum
428 3332 566 3401 exercitu
585 3331 713 3428 Pelagio
732 3327 888 3402 cardinali
913 3356 993 3427 aput
1008 3331 1159 3429 Egiptum
1175 3333 1264 3430 lega·

240 3436 381 3524 cionem,
408 3461 566 3533 regnante
592 3437 735 3508 lohanne
760 3439 886 3528 Accon,
916 3464 1020 3509 nonas
1055 3438 1263 3528 Novembris,
1277 3461 1337 3507 stov.
1350 3474 1371 3522 ς.

239 3565 396 3639 regnante
411 3543 559 3612 Domino
577 3543 686 3612 nostro
705 3543 792 3614 lhesu
810 3543 951 3635 Christo,
969 3548 1025 3641 qui
1038 3571 1113 3616 cum
1130 3547 1217 3617 Patre
1230 3549 1265 3616 ἃ

238 3649 356 3745 Spiritu
374 3649 493 3718 Sansio
520 3650 599 3720 vivit
622 3653 657 3720 &
675 3673 790 3747 regnat
818 3652 906 3721 Deus
935 3677 994 3748 per
1020 3654 1135 3722 omnia
1159 3652 1265 3724 secula

240 3755 432 3826 seculorum.
455 3756 573 3826 Amen.

288 3863 339 3931 De
356 3885 465 3931 cetero
482 3861 684 3933 coherentias
699 3864 862 3958 Damiate,
891 3864 977 3935 circa
995 3890 1096 3960 quam
1114 3865 1265 3936 Christia-

240 3993 358 4038 norum
375 3993 578 4064 pugnaverat
598 3971 764 4056 exercitus,
798 3967 891 4042 vobis
916 3968 1054 4044 breviter
1080 3971 1265 4068 pandimus.

242 4078 274 4144 ln
292 4073 426 4143 circuitu
452 4075 586 4146 civitatis
605 4076 720 4172 viginti
739 4103 861 4150 novem
886 4079 958 4148 sunt
979 4103 1077 4148 turres
1095 4103 1215 4175 magne
1232 4082 1283 4149 &-

241 4181 374 4270 munite,
404 4177 500 4250 valde
526 4183 748 4277 prominentes
778 4182 913 4279 quidem
937 4207 1024 4255 extra
1047 4211 1188 4276 murum,
1211 4186 1267 4257 sed

242 4307 350 4355 tamen
368 4282 477 4356 eidem
494 4285 694 4375 coherentes,
723 4291 807 4360 intra
823 4316 963 4386 quarum
980 4291 1130 4361 omnium
1146 4290 1267 4362 medie·
