3694 5626
474 534 780 589 CRUCIGERORUM
804 535 1089 590 RHENANORUM.
1249 539 1285 616 51

1323 749 1382 798 ¹²¹9

264 749 477 850 exigentibus,
492 753 528 821 in
549 748 774 824 decollatione
791 749 879 822 beati
891 751 1028 847 Baptiste
1041 751 1203 841 Iohannis,
1217 751 1293 824 licet
1305 799 1367 858 A„
1377 809 1415 858 „,

264 859 560 948 vixinvenirentur,
584 858 641 952 qui
656 858 689 927 in
707 857 883 928 castrorum
908 856 1052 929 custodia
1077 882 1292 952 remanerent,

264 963 416 1036 navalem
444 965 479 1034 ὅ(
503 963 681 1034 terrestrem
705 964 881 1034 exercitum
905 963 1053 1057 equitum
1080 966 1116 1034 &
1144 962 1295 1060 peditum

265 1069 451 1160 educentes,
483 1067 526 1140 ad
556 1065 809 1162 Babyloniorum
843 1068 944 1140 castra
978 1067 1184 1140 tenderemus
1212 1071 1296 1142 inter

266 1202 354 1247 mare
370 1179 406 1245 ἃ
421 1172 568 1264 fluvium,
581 1173 637 1246 ubi
653 1173 756 1245 duleis
774 1199 861 1270 aqua
876 1175 1005 1270 reperiri
1024 1201 1092 1245 non
1105 1199 1236 1272 poterat
1252 1174 1295 1247 ad

267 1275 464 1374 potandum.

316 1383 374 1480 lpsr
390 1412 481 1478 vem,
498 1384 627 1458 sublatis
641 1388 799 1474 tentoriis,
817 1386 932 1484 fugam
946 1383 1138 1458 simulabant
1155 1389 1200 1474 ἃ,
1219 1411 1296 1458 cum

223 1489 226 1494 ⁴
267 1489 452 1589 processum
468 1491 574 1564 fuisset
586 1519 605 1564 a
618 1492 731 1564 nostris
744 1491 840 1582 adeo,
854 1515 890 1562 ut
900 1517 1083 1588 appareret,
1096 1491 1295 1565 adversarios

268 1597 389 1670 diresla
412 1598 519 1670 fronte
542 1599 630 1670 nolle
651 1597 840 1697 confligere,
867 1599 1028 1694 capitanei
1045 1599 1144 1670 nostri
1155 1599 1296 1696 longum

268 1707 366 1776 iniere
379 1702 560 1796 consilium,
577 1729 686 1776 utrum
698 1707 924 1802 procederent,
943 1728 984 1775 an
1000 1704 1158 1796 redirent3
1175 1703 1297 1776 discors

52 1830 255 1892 v.‚r.u»⁰,er.
269 1835 337 1881 erat
352 1812 436 1880 inter
458 1835 515 1880 eos
540 1808 710 1882 discordia.
737 1815 855 1884 lterum
877 1811 950 1880 sunt
973 1810 1075 1882 solute
1092 1812 1175 1882 acies
1191 1835 1298 1906 preter

270 1915 420 1989 ordinem
432 1915 573 2005 illorum,
591 1941 674 2012 quos
688 1915 928 2014 indisciplinata
943 1918 1082 1988 militum
1094 1917 1206 2014 ligavit
1219 1913 1297 1986 obe-

271 2020 408 2113 diencia,
425 2023 548 2118 equites
565 2022 670 2118 Cypri
692 2022 725 2092 in
748 2021 862 2094 dextro
880 2049 983 2094 cornu
1004 2023 1167 2093 constituti
1192 2023 1298 2092 Sarra·

271 2131 368 2219 cenis,
393 2128 556 2198 incursum
582 2155 602 2198 a
625 2128 724 2200 latere
749 2129 952 2220 facientibus,
980 2127 1188 2199 timiditatem
1208 2128 1298 2198 suam

270 2230 489 2324 ostenderunt,
517 2233 615 2304 Italici
657 2233 757 2305 edites
783 2236 879 2331 primi
906 2235 1058 2331 fugerunt
1082 2237 1116 2305 ἃ
1141 2233 1298 2330 posteos

270 2341 394 2436 equites
411 2259 765 2428 deuatiis—nssitstffbus
781 2343 816 2412 &
834 2339 969 2436 quidam
982 2340 1177 2437 hospitalarii
1192 2340 1300 2410 Sansli

52 2471 91 2529 a,
104 2470 192 2532 μη),
203 2484 223 2516 c.
234 2483 258 2516 ι.
271 2446 432 2534 lobannis,
451 2446 563 2560 legato
576 2447 723 2517 Romane
739 2445 822 2518 sedis
840 2449 875 2517 dt
888 2447 1081 2540 patriarcha,
1100 2448 1156 2542 qui
1169 2470 1300 2516 crucem

271 2551 446 2643 baiulabat,
463 2554 633 2624 multums
616 2551 671 2624 sed
689 2553 849 2624 fiustrau
815 2551 1080 2672 st,
1108 2575 1143 2622 ut
1160 2549 1299 2624 subfiste-

162 2659 169 2678 ⁸
270 2683 349 2730 rent.
367 2659 451 2730 [stus
464 2660 537 2730 solis
550 2683 618 2731 erat
629 2659 820 2732 vehemens·
812 2657 960 2756 ,pedites
973 2685 1140 2731 armorum
1152 2655 1299 2779 pondere

272 2764 509 2862 premebantur.
536 2768 693 2839 Calorem
710 2767 797 2837 auxit
812 2717 953 2838 labor
923 2791 985 2854 vie,
1011 2789 1057 2853 ut,
1072 2779 1082 2811 ¹
1109 2767 1165 2859 qui
1190 2765 1300 2836 secum

271 2874 385 2946 vinum
402 2872 627 2962 detulerant,
619 2897 653 2942 tn
671 2871 817 2970 angustia
833 2870 895 2943 sitis
916 2897 1034 2967 purum
1047 2823 1200 2942 biberent
1220 2868 1300 2942 illud

271 3003 407 3078 propter
433 2930 598 3051 defedluni
623 3004 717 3074 aque.
750 2980 811 3050 His
840 2975 991 3049 omnibus
1020 2975 1300 3060 concurrentibus,

272 3088 328 3184 qui
341 3083 537 3158 subsistentes
549 3086 582 3156 se
600 3082 940 3179 defenderunt&post
948 3083 1130 3178 primitivos
1143 3082 1301 3179 firgientes

272 3191 390 3264 anhelo
405 3193 495 3264 cursu
509 3216 600 3290 terga
612 3189 782 3280 dederunt,
800 3191 931 3260 exdnsli
950 3189 1022 3258 sunt
1038 3187 1103 3259 fine
1118 3186 1300 3260 vulneribus

273 3323 466 3370 corruentes.
484 3299 551 3368 Rex
567 3322 645 3368 vero
662 3321 739 3367 cum
757 3295 932 3392 templariis
949 3296 983 3364 ὅ(
1002 3291 1107 3364 domo
1120 3293 1301 3364 Theutoni-

273 3431 388 3476 corum
404 3369 661 3500 &hospitalariis
678 3403 785 3474 saneti
798 3393 954 3473 lobannis
948 3399 1175 3496 ‚francigene
1194 3398 1300 3497 [cum]

273 3510 315 3582 de
330 3509 520 3600 Hollandia,
532 3524 546 3556 ²
565 3507 606 3580 de
622 3508 745 3596 Wetia,
764 3507 805 3578 de
822 3505 1023 3595 Salesburch,
1040 3504 1082 3576 de
1100 3505 1223 3576 Cesti-ia
1244 3531 1302 3575 co·

273 3615 415 3708 mitibus,
429 3614 650 3713 [&]Waltero
661 3611 825 3704 bernardi,
839 3613 1064 3710 Pisanialiique
1073 3611 1189 3681 milites
1199 3612 1301 3704 impe·

274 3748 344 3794 tum
367 3720 880 3820 persequendumffifflinuerunt,
908 3746 962 3791 rex
982 3743 1090 3806 autem
1110 3719 1196 3820 ignis
1213 3717 1302 3817 greci

275 3828 499 3902 combustione
516 3824 698 3898 admodum
725 3827 768 3896 est
788 3825 995 3928 periclitatus.
1033 3825 1078 3894 Hi
1106 3848 1222 3892 omnes
1240 3847 1301 3919 pro

62 3963 92 4007 t.
94 3959 210 4020 ,tum
214 3972 262 4006 ea.
275 3955 369 4009 muro
368 3936 509 4008 fuerunt
518 3921 731 4031 sugrenubus
740 3933 910 4028 Quotiens
919 3957 1008 4004 enim
1018 3931 1114 4002 sacres
1124 3930 1192 4000 suas
1202 3929 1303 4000 osten

276 4039 553 4132 derunthostibus,
565 4040 678 4139 sugere
688 4038 929 4135 compulerunt,
943 4035 1166 4134 quandovero
1178 4034 1304 4136 gravati

317 4301 327 4334 r
344 4285 374 4340 V.
390 4282 419 4336 U
430 4281 457 4336 B.
471 4281 549 4336 &.-
563 4297 578 4332 a
594 4280 623 4334 V.
635 4279 697 4336 Μ.
713 4275 853 4334 Collandia.
