3694 5626
554 501 595 579 52
1000 495 1127 553 oesrn

454 751 514 801 ως
550 717 799 810 revertebantur,
829 719 910 790 ierus
939 721 975 790 dt
990 727 997 742 “
1011 718 1076 790 tela
1103 718 1324 791 sustinuerunt.
1368 717 1578 789 lnimicorum

550 821 700 898 manibus
711 826 800 921 capti
811 825 885 896 sunt
898 827 932 895 in
944 823 998 896 illa
1013 822 1198 896 defensione
1211 824 1445 896 christianitatis
1458 825 1577 896 elesius

549 927 747 1004 Beluacensts
771 933 806 1000 δι
828 930 926 1002 frater
946 931 1025 1020 eius,
1051 931 1244 1002 camerarius
1268 931 1353 1027 regis
1377 931 1519 1020 francie,
1543 932 1578 1001 ἃ

549 1036 729 1124 filiuseius,
748 1036 845 1108 stater
863 1033 1106 1133 Andegavensts
1123 1035 1269 1132 episcopi
1289 1061 1367 1106 cum
1381 1035 1525 1108 Iohanne
1537 1035 1578 1108 de

550 1143 638 1234 Arci,
666 1145 738 1216 viro
762 1140 864 1214 nobili
888 1145 924 1213 ἃ
944 1140 1166 1233 strenuissimo,
1191 1141 1352 1212 Henricus
1369 1140 1412 1213 de
1430 1141 1529 1216 Ulma
1544 1145 1579 1213 ἃ

550 1249 603 1339 alij
629 1248 734 1339 multi,
761 1249 819 1344 qui
840 1246 990 1319 trucidati
1014 1248 1086 1318 sunt
1110 1249 1146 1316 ὅ(
1171 1247 1205 1316 in
1230 1248 1454 1344 captivitatem
1480 1246 1737 1328 dusli.1s.‚p.237,
1753 1279 1777 1310 e
1792 1277 1813 1310 ι.

549 1354 726 1450 Templarij
753 1355 883 1452 triginta
907 1377 969 1425 tres
986 1354 1074 1450 capti
1094 1352 1147 1424 vel
1163 1350 1259 1424 occist
1276 1353 1350 1423 sunt
1366 1377 1444 1423 curn
1461 1354 1579 1426 mates-

481 1487 485 1490 ·
550 1460 643 1532 calco
667 1459 833 1556 hospitalis
857 1460 966 1531 Sansii
986 1459 1135 1530 Iohannis
1156 1460 1192 1528 dc
1218 1456 1413 1554 quibusdam
1430 1457 1579 1531 fratribus

549 1565 695 1638 eiusdem
714 1565 844 1658 domus,
862 1590 923 1636 nec
940 1561 1037 1638 evafit
1053 1562 1118 1634 fine
1135 1561 1261 1634 damno
1279 1563 1399 1636 domus
1412 1577 1421 1610 ¹
1434 1565 1580 1636 Theuto·

550 1674 710 1743 nieorum.
725 1671 844 1742 Milicia
854 1670 978 1767 templi,
988 1695 1052 1766 que
1063 1671 1170 1766 prima
1182 1670 1265 1741 solet
1276 1667 1339 1740 else
1352 1671 1387 1740 in
1396 1669 1580 1768 congressu,

549 1779 665 1852 ultima
677 1779 790 1849 exstitit
803 1778 836 1848 in
848 1774 999 1874 regressu,
1017 1774 1105 1847 unde
1119 1773 1251 1846 eumad
1268 1773 1423 1847 fossatum
1435 1777 1581 1848 nostrum

550 1883 664 1955 ultima
677 1879 816 1974 redisset,
830 1881 907 1952 soris
919 1880 1064 1973 substitit,
1081 1906 1117 1953 ut
1130 1881 1313 1970 exteriores,
1332 1903 1492 1976 quantum
1506 1883 1581 1978 pos·

550 1987 637 2060 fibile
652 1989 749 2080 foret,
772 1990 855 2060 intra
873 1989 982 2059 menia
1003 1989 1136 2058 nostral
1153 1985 1342 2077 reduceret3
1360 1987 1580 2083 persecutores

550 2092 685 2166 tandem
696 2093 738 2165 ad
748 2096 896 2191 captivos
908 2091 1156 2164 reducendos&
1169 2090 1356 2190 colligenda
1365 2093 1470 2188 spolia
1477 2092 1579 2166 redie-

550 2223 635 2292 runt,
651 2199 729 2272 ficut
750 2199 963 2296 postmodum
980 2199 1195 2270 intelleximus
1216 2212 1259 2270 la
1276 2202 1466 2290 Sarraceno,
1485 2199 1581 2296 quin·

551 2307 707 2405 quaginta
716 2306 1078 2402 christianorumcapita
1087 2304 1224 2376 soldano
1235 2305 1581 2402 presentantesMeror

550 2414 867 2511 nostrosoccupavit‚
879 2411 932 2484 sed
941 2411 1578 2510 nulladesperaci03habemusprocerto,

551 2518 643 2614 quod
660 2543 746 2614 pena
757 2520 885 2615 peccati
899 2517 958 2590 suit
975 2518 1036 2588 hec
1048 2518 1219 2616 castigacio
1233 2520 1267 2588 ἃ
1282 2517 1391 2589 minor
1402 2541 1472 2590 erat
1483 2543 1580 2615 pena,
1594 2533 1695 2596 Mn
1706 2546 1803 2594 νοω.
1845 2613 1846 2618 ¹

552 2651 652 2721 quam
671 2626 811 2722 exigeret
828 2623 933 2720 culpa.
1845 2633 1846 2638 ’

599 2731 738 2802 Constat
761 2755 871 2800 autem
897 2727 1003 2820 nobis,
1033 2729 1125 2825 quod
1146 2731 1181 2801 in
1206 2731 1363 2826 precipua
1384 2731 1440 2808 sua
1460 2729 1580 2800 milicia

550 2837 697 2908 lusiuosa
729 2835 850 2907 damna
880 2835 1091 2906 sustinuerunt
1118 2834 1286 2924 increduli,
1320 2861 1399 2907 nam
1426 2834 1578 2907 soldanus

552 2967 655 3014 unum
671 2941 712 3016 de
728 2943 829 3039 captis
843 2943 956 3014 nostris
972 2943 1102 3014 utittens
1119 2940 1161 3013 de
1177 2967 1260 3039 pace
1272 2941 1325 3014 vel
1342 2966 1456 3040 treuga
1472 2939 1580 3014 nobis·

552 3074 629 3119 cum
647 3055 782 3120 traslate
799 3051 896 3144 cepit,
914 3050 950 3118 in
974 3073 1041 3144 quo
1060 3053 1195 3120 traslatu
1213 3045 1365 3118 fossatum
1382 3049 1528 3118 nostrum
1547 3050 1581 3120 &

551 3156 755 3226 municiones
785 3155 861 3227 alias
891 3153 1036 3226 alacriter
1064 3154 1290 3251 reparavimus.
1322 3159 1444 3225 lnterea
1472 3179 1580 3247 naute,

552 3261 785 3332 christianitatis
801 3259 996 3356 proditores,
1022 3263 1057 3331 &
1073 3285 1148 3331 cum
1165 3259 1209 3330 eis
1225 3261 1388 3358 peregrini
1405 3261 1536 3356 plurimi
1550 3262 1581 3332 se

549 3368 637 3465 ipsos
652 3368 758 3466 magis
775 3389 931 3454 amantes,
950 3391 1051 3462 quam
1070 3363 1218 3437 fratribus
1235 3367 1489 3464 compacientes‚
1507 3393 1581 3440 ante

550 3497 680 3572 tempus
714 3473 860 3545 consueti
887 3470 1022 3570 passagii
1053 3474 1214 3571 agonistas
1244 3473 1364 3546 Christi
1393 3475 1427 3545 in
1451 3475 1580 3544 summo

552 3580 696 3678 periculo
711 3579 908 3674 reliquerunt
924 3583 968 3669 δε,
995 3579 1124 3651 elevatis
1148 3580 1225 3652 velis
1247 3578 1339 3652 adito
1357 3603 1466 3677 portu,
1484 3575 1579 3650 nobis

551 3687 739 3778 mesticiam,
756 3683 940 3777 Babyloniis
957 3683 1130 3756 audaciam
1150 3687 1367 3776 contulerunt,
1394 3688 1451 3783 qui
1464 3689 1578 3758 trasla-

429 3838 489 3898 sm
500 3837 537 3885 2⁶,
551 3815 622 3864 tum
638 3793 727 3889 pacis
744 3793 989 3864 intermittentes
1013 3793 1046 3862 in
1069 3793 1178 3889 vigilia
1194 3793 1388 3864 Sanslorum
1404 3792 1528 3864 Cosme
1543 3794 1579 3862 dc

429 3898 539 3962 ⁸2P⁸·²⁸·
552 3899 706 3971 Damiani
722 3902 757 3970 ἃ
779 3899 926 3995 sequenti
946 3895 1009 3986 die,
1034 3899 1186 3993 proximo
1213 3899 1319 3970 eciam
1346 3896 1481 3970 sabbato
1501 3923 1577 3982 cum
1590 3919 1722 3984 s.,p.237‚
1737 3937 1791 3971 ea.

552 4007 651 4104 galeis
668 4008 702 4076 ἃ
718 4003 862 4076 barbotis
887 4029 944 4100 per
972 4001 1105 4096 flumen,
1130 4030 1189 4100 per
1223 4029 1340 4076 terram
1365 4027 1475 4077 autem
1499 4027 1576 4076 curn

592 4253 601 4296 ι
618 4236 646 4296 V.
660 4233 784 4288 dominus.
798 4264 832 4276 -
846 4254 859 4293 a
875 4237 904 4292 V.
920 4236 1036 4292 nostram.
1050 4263 1085 4274 --
1100 4250 1113 4304 3
1130 4235 1158 4286 V.
1164 4231 1263 4306 supplet
1273 4233 1308 4291 δι,
