3694 5626
505 561 544 614 ru
563 561 761 614 ousrnrouu
779 559 976 614 unurnrr.
1186 559 1249 639 145
1331 611 1332 622 t

231 781 334 856 lhelus
365 781 508 856 Christus
540 779 669 856 mistllet
695 783 830 882 angelos
848 783 922 853 suos
941 781 984 854 ad
1001 784 1113 854 tuttirn
1129 809 1253 883 erpug-
1270 797 1328 846 ms

229 890 387 981 nandam,
415 916 557 988 quorum
572 893 690 963 timore
707 891 824 963 milites
849 889 985 987 predicti
1014 893 1124 962 turrim
1146 891 1254 962 Chris·

231 999 325 1070 tiaris
350 997 562 1090 tradiderunt,
592 999 682 1070 miles
708 998 894 1070 autem‘ille
919 999 953 1068 in
979 993 1138 1068 flammeis
1159 1001 1256 1069 armis

232 1103 324 1200 quod
343 1102 422 1176 ellet
438 1105 552 1176 Beatus
569 1105 802 1196 bartolomeus,
822 1107 878 1200 qui
894 1106 992 1176 etiam
1007 1106 1109 1176 rurlus
1126 1105 1171 1174 eis
1188 1127 1257 1174 tau·

233 1237 333 1307 quam
360 1213 540 1283 excoriatus
571 1215 727 1309 apparuit.
754 1211 938 1284 Confestim
965 1213 1064 1311 igitur
1092 1211 1258 1308 fregerunt

232 1343 361 1389 catenas
379 1321 587 1414 &ceperunt
604 1321 764 1416 navigare.
790 1320 908 1417 Pagani
930 1343 1039 1391 autem
1056 1347 1074 1391 e
1092 1321 1255 1390 contrario

233 1423 467 1522 submerserunt
490 1451 589 1498 naves
614 1427 694 1516 suas,
724 1452 777 1498 eas
802 1451 879 1496 cum
895 1425 1055 1522 lapidibus
1073 1449 1255 1515 onerantes,

232 1533 267 1601 ἃ
283 1555 360 1601 cum
384 1559 449 1604 una
475 1531 527 1603 die
552 1557 613 1604 nos
631 1531 838 1604 voluillemus
856 1535 1021 1631 navigare,
1048 1531 1191 1628 quedam
1214 1531 1256 1602 de

108 1656 127 1704 f.
141 1655 186 1716 17⁶
197 1655 220 1702 b.
232 1635 369 1710 navibus
385 1638 499 1710 nostris
515 1637 675 1710 submerse
691 1639 771 1712 sunt.
1127 1639 1133 1647 ’

285 1857 427 1950 Qult'ttr
444 1859 610 1946 Christiani
619 1861 732 1948 primo,
752 1857 918 1947 aliquantis
928 1859 1055 1949 suorum
1073 1861 1104 1924 in
1122 1861 1208 1948 aquis

348 1965 518 2058 submetfis,
536 1965 572 2032 de
583 1969 686 2057 primu
702 1965 932 2032 Sutroceuorum
950 1963 1133 2057 aggreffioue

619 2075 876 2165 triumphaverint.

284 2281 357 2352 Alia
369 2305 479 2353 autem
492 2280 544 2352 die
559 2281 729 2378 templarii,
747 2282 893 2355 volentes
906 2284 1035 2358 transite
1047 2285 1169 2360 flumen
1182 2313 1258 2358 cum

236 2389 395 2474 unulfus,
413 2415 433 2460 a
449 2411 548 2463 vento
567 2391 611 2459 eis
633 2391 797 2461 contrario
815 2393 951 2486 proiecli
968 2393 1040 2464 sunt
1056 2417 1132 2465 ante
1148 2421 1259 2465 muros

237 2495 383 2586 civitatis,
409 2519 493 2589 quos
514 2497 678 2567 Sanaceni
704 2521 780 2567 cum
798 2495 940 2568 barbotis
959 2499 1018 2570 suis
1036 2502 1259 2575 circumdede-

235 2625 332 2692 runt3
358 2600 530 2674 Christiani
549 2626 669 2693 autem,
688 2603 720 2674 se
737 2601 960 2693 defendentes,
980 2608 1100 2679 multos
1116 2611 1261 2710 Pagano-

236 2734 308 2778 rum
331 2705 530 2780 occiderunt.
554 2707 616 2779 Sed
643 2708 800 2798 videntes,
829 2710 919 2782 nullo
944 2713 1050 2784 modo
1075 2716 1211 2789 evadere
1228 2721 1260 2792 le

237 2810 340 2910 polle,
358 2813 503 2886 fecerunt
522 2817 656 2908 pastum
672 2816 820 2886 cumeis.
844 2817 991 2888 Centum
1008 2845 1118 2892 autem
1135 2823 1201 2894 fere
1219 2823 1261 2896 de

236 2920 371 3017 Paganis
397 2944 432 2990 ut
455 2919 713 2990 Christianorum
741 2921 955 2994 ascenderunt
977 2951 1126 3020 coccam,
1152 2929 1260 3002 Chris·

239 3027 316 3096 tiani
332 3025 462 3096 inferius
478 3025 642 3124 fregerunt
658 3053 741 3118 eam,
759 3030 793 3099 dt
804 3027 955 3102 submersi
973 3033 1044 3104 lunt
1062 3057 1130 3105 tam
1141 3035 1260 3132 Pagani

239 3157 339 3226 quam
364 3129 537 3205 christiani·
557 3157 682 3222 omnes,
708 3135 764 3228 qui
786 3132 829 3205 ibi
846 3135 992 3228 aderant,
1014 3163 1090 3210 cum
1107 3165 1262 3235 quattuor

239 3234 382 3308 barbotis
403 3239 438 3307 ἃ
467 3237 560 3334 galea
587 3231 662 3330 una]
695 3241 730 3310 ἀ
758 3243 804 3312 ita
832 3267 901 3313 non
926 3243 1114 3318 valebamus
1138 3245 1261 3320 flumen

239 3341 375 3416 transtra.

287 3449 340 3522 Vl.
358 3449 464 3542 Tunc,
489 3449 599 3524 divina
620 3453 794 3549 inspirante
818 3459 938 3553 gracia,
958 3457 1112 3529 dominus
1137 3459 1262 3557 legatus

240 3556 395 3651 applicuit
412 3583 488 3630 cum
505 3559 653 3656 principe
670 3560 904 3632 Romanorum.
932 3561 1057 3635 Videns
1073 3587 1184 3636 autem
1200 3565 1261 3637 do-

241 3663 346 3734 minus
365 3663 501 3761 legatus,
519 3663 611 3760 quod
628 3691 697 3736 non
717 3664 913 3739 habebamus
929 3667 1058 3740 firmam
1075 3693 1203 3762 terram,
1228 3675 1263 3744 ἀ

241 3765 431 3840 tenebamur
452 3770 518 3840 loci
534 3769 734 3861 difficultate,
756 3797 799 3844 ne
813 3773 1077 3869 procederemus,
1095 3779 1262 3872 captivita-

241 3897 308 3944 tem
322 3874 418 3948 ualds
437 3876 617 3949 condoluit.

288 3980 353 4052 Vll.
372 3981 516 4054 Audiens
529 4009 639 4056 autem
647 4011 701 4056 tex
711 3985 825 4082 Egipti‚
835 3985 938 4081 quod,
950 4011 1263 4082 nequeperaquam,

243 4111 348 4180 neque
355 4089 581 4182 permanendo
593 4087 758 4180 inlabno,
772 4093 817 4162 eis
825 4091 925 4163 nichil
936 4117 1056 4164 nocete
1065 4117 1264 4188 poteramus,

244 4215 319 4263 cum
351 4192 499 4268 uniuersus
527 4197 706 4268 sarracenis
737 4197 797 4267 suis
824 4199 982 4296 cogitavit
1006 4199 1165 4271 destruere
1192 4223 1262 4270 nos.

1079 4349 1108 4402 ¹9
