3694 5626
580 442 647 538 158
820 458 931 512 Lmen
950 457 1101 512 uuenun
1119 457 1345 510 cumsmm

504 710 562 759 ηις
574 676 751 747 tumultum
782 677 966 747 incivitate
996 673 1198 764 facientibus,
1231 677 1320 746 venit
1342 673 1493 746 soldanus
1522 700 1598 748 ante

573 783 718 854 nostrum
731 779 893 872 foliatum,
905 782 1018 852 nostris
1032 781 1242 852 nihilominus
1254 782 1289 852 in
1301 783 1397 852 armis
1412 781 1596 878 preparatis.

571 887 726 960 Exeuntes
739 913 848 958 autem
865 885 1047 958 decivitate
1065 889 1184 984 Pagani
1201 912 1279 958 cum
1292 887 1367 958 forti
1381 912 1492 976 manu,
1510 884 1598 958 defe-

572 1019 676 1066 rentes
690 995 779 1090 ligna
787 996 823 1064 δι
831 995 954 1090 ignem,
967 997 1090 1064 cattum
1103 993 1248 1064 nostrum
1256 993 1395 1064 ferreum
1408 1017 1596 1062 concrema·

571 1124 694 1172 vetunt.
719 1101 832 1195 Quem
850 1124 926 1169 cum
941 1099 1114 1170 Christiani
1130 1097 1352 1185 defenderent,
1373 1098 1466 1168 multi
1482 1099 1597 1168 eorum

571 1203 757 1278 vulneribus
777 1207 813 1275 ἃ
834 1229 940 1274 morte
957 1205 1030 1276 sunt
1047 1207 1217 1300 perempti.
1245 1205 1378 1300 Septem
1397 1228 1477 1300 ergo
1492 1213 1596 1274 cattos

572 1313 698 1385 nostros
716 1307 970 1400 combullerunt,
990 1309 1077 1382 unde
1090 1312 1254 1382 Sanaceni
1270 1309 1366 1382 valde
1379 1311 1452 1382 sunt
1468 1308 1597 1380 exaltati

382 1444 386 1453 ·
455 1421 606 1494 Auis&
622 1417 795 1489 Christiani
816 1417 1000 1487 contristati.
1027 1418 1139 1488 Tettio
1162 1415 1235 1487 idus
1260 1417 1396 1512 Augusti
1422 1439 1534 1486 comes
1554 1411 1596 1483 de

571 1523 715 1594 Marchia
736 1520 799 1592 stne
817 1521 948 1592 vulnere
974 1518 1065 1614 obiit,
1092 1523 1185 1620 supet
1209 1548 1277 1618 quo
1302 1521 1476 1593 Christiani
1501 1518 1596 1592 valde

570 1627 755 1700 doluerunt.
786 1629 846 1698 His
871 1626 984 1700 diebus
1010 1653 1122 1700 comes
1146 1627 1188 1700 de
1214 1629 1328 1700 Nivets
1356 1627 1532 1698 infamatus
1555 1623 1596 1698 de

570 1737 710 1806 exercitu
728 1733 857 1805 recellit.

448 1851 508 1910 Aus-
522 1863 558 1913 ¹5·
619 1840 790 1912 XXXVlll.
817 1845 850 1910 ln
865 1844 962 1910 nodie
974 1838 1213 1936 Assumptionis
1224 1841 1340 1912 Sanele
1356 1839 1456 1909 Matio
1473 1839 1595 1934 septem

569 1948 699 2044 Pagani,
715 1969 866 2017 exeuntes
893 1943 934 2015 de
953 1946 1093 2036 civitate,
1122 1947 1156 2017 in
1181 1943 1281 2018 fluvio
1306 1947 1394 2042 capti
1418 1944 1596 2015 fuerunt&

570 2076 668 2122 mane
693 2051 736 2122 ad
760 2050 902 2123 dedecus
928 2052 1134 2148 Paganorum
1163 2078 1254 2123 aures
1275 2055 1311 2122 dt
1332 2075 1426 2122 nares
1450 2052 1485 2120 δι
1511 2045 1595 2119 labia

570 2159 709 2227 truncati
726 2158 758 2226 in
776 2159 913 2228 crastino
931 2158 1002 2226 sunt
1018 2155 1099 2226 milli
1115 2159 1149 2227 in
1163 2159 1336 2229 civitatem.
1355 2157 1433 2252 Qua
1446 2153 1487 2226 de
1501 2155 1596 2225 causa

570 2263 669 2333 etiam
685 2265 849 2336 Sarraceni
868 2289 969 2335 unum
986 2260 1027 2334 de
1048 2262 1161 2333 nostris
1179 2260 1269 2333 simili
1285 2260 1391 2334 modo
1410 2285 1595 2332 truncatum

569 2365 663 2439 nobis
681 2370 876 2440 remiserunt.
904 2374 937 2440 ln
960 2367 1019 2438 illis
1041 2365 1153 2440 diebus
1171 2394 1282 2440 comes
1308 2367 1350 2440 de
1372 2369 1432 2438 Bar
1455 2370 1490 2438 ἃ
1513 2365 1595 2438 filius

570 2475 637 2546 eius
654 2472 815 2547 obierunt.

708 2694 758 2758 De
775 2691 902 2759 dolendo
919 2695 1010 2782 gravi
1026 2691 1261 2778 Cbn'fliamrum
1279 2691 1454 2778 infortunio.

447 2927 555 2984 nunu.
617 2899 761 2998 XXXIX
789 2905 822 2970 ln
845 2899 923 2971 festo
941 2901 1049 2972 Saneli
1065 2899 1262 2972 Bartolomei
1288 2901 1404 2972 iterum
1421 2899 1593 2974 Christiani

566 3030 774 3078 armaverunt
786 3005 936 3095 cocchas,
955 3003 1010 3076 sed
1028 3030 1086 3100 pre
1102 3007 1225 3100 impetu
1239 3003 1380 3076 fluminis
1393 3030 1462 3076 non
1476 3031 1592 3104 potue-

567 3135 642 3183 runt
659 3113 924 3208 appropinquate
947 3109 990 3182 ad
1007 3111 1125 3182 menia.
1150 3111 1247 3180 Tunc
1270 3111 1345 3181 elati
1363 3110 1488 3206 pedites
1505 3109 1592 3184 dice-

567 3215 658 3306 bant,
686 3216 774 3288 nolle
800 3215 843 3288 ad
871 3213 993 3286 bellum
1019 3215 1104 3286 exire
1133 3215 1258 3287 milites.
1288 3217 1473 3288 Diviserunt
1495 3219 1593 3316 igitur

567 3347 712 3420 gentem,
738 3347 773 3392 ut
794 3348 859 3393 una
876 3347 950 3418 pars
966 3321 1142 3394 custodiret
1155 3325 1306 3412 tentoria,
1323 3326 1358 3394 ἃ
1378 3323 1440 3394 alia
1457 3323 1592 3396 seruaret

568 3427 689 3499 flumen
708 3432 742 3499 ἃ
761 3425 885 3518 urbem,
902 3431 937 3498 δι
956 3427 1019 3498 alia
1036 3453 1197 3526 pugnaret
1213 3431 1246 3500 in
1264 3427 1384 3500 sabulo.

448 3563 507 3620 nug.
518 3573 556 3620 η.
616 3534 678 3606 XL.
701 3539 735 3606 ln
752 3535 980 3606 Decollatione
996 3535 1104 3606 Sandli
1118 3537 1269 3608 lobannis
1287 3535 1423 3632 Baptiste
1442 3535 1592 3609 Christia-

568 3665 688 3710 norum
715 3641 881 3711 calamitas
907 3643 942 3710 ἃ
967 3641 1092 3711 miseria
1119 3641 1271 3737 quedam,
1299 3643 1388 3713 tristis
1415 3641 1505 3732 dico,
1533 3643 1593 3714 fuit

568 3773 698 3846 magna.
724 3747 888 3818 Dominus
902 3747 992 3817 enim
1007 3746 1133 3843 legatus
1150 3751 1185 3819 ἃ
1202 3775 1256 3820 tex
1273 3749 1417 3820 exierunt
1432 3775 1491 3846 per
1511 3775 1591 3848 gen-

568 3877 614 3925 tes
636 3855 678 3926 ad
701 3855 846 3951 hospicia
863 3856 1077 3952 Paganorum,
1103 3857 1159 3950 qui
1181 3855 1330 3926 anostris
1359 3857 1457 3926 castra
1480 3857 1589 3928 metati

567 3961 693 4032 fuerant
710 3963 776 4033 fere
794 3959 923 4032 duobus
944 3957 1128 4052 miliaribus,
1152 3961 1301 4055 fadlaque
1319 3957 1363 4032 ibi
1379 3987 1482 4052 mora,
1500 3960 1590 4057 pedi·

569 4091 639 4138 tutn
655 4067 767 4164 fugata
790 4068 834 4138 est
850 4092 991 4158 caterva,
1012 4067 1169 4162 nulloque
1187 4092 1338 4165 cogente,
1364 4066 1419 4139 sed
1443 4067 1590 4166 maligno

570 4199 626 4249 eos
654 4173 763 4274 spiritu
800 4175 992 4274 exagitante.
1024 4173 1131 4248 Tanta
1160 4198 1227 4250 etat
1259 4174 1453 4279 fugientium
1477 4171 1591 4270 rabies,
