3694 5626
550 509 756 562 oasrmonrs
772 508 969 562 namara.
1213 491 1257 586 ssq

291 731 386 806 XXll.
406 735 439 804 ln
451 733 741 828 ramispalmarum
751 734 884 808 scientes
895 732 1047 807 soldanus
1063 738 1098 806 &
1109 733 1263 807 Corradi-
1277 730 1392 840 3:314„

245 865 317 932 nus,
330 837 420 935 quod
435 838 608 910 Christiani
619 838 775 914 volebant
787 841 958 932 celebrare,
975 843 1110 939 qualiter
1121 843 1266 915 Christus

245 946 334 1021 venir
350 946 592 1038 lerosolymam,
606 948 747 1020 inierunt
764 947 932 1022 confilium
947 949 1041 1046 super
1058 949 1269 1040 Christianos,

247 1075 424 1149 antequam
444 1051 534 1127 aliud
554 1051 737 1152 pallagium
753 1055 947 1129 succurreret
971 1057 1054 1148 eis;¹
1075 1077 1271 1153 putaverunt

249 1183 306 1230 eos
320 1157 427 1230 delere
440 1157 482 1230 de
496 1184 589 1248 terra,
604 1165 638 1232 &
650 1157 728 1234 satur
739 1161 852 1236 leviter
865 1161 998 1259 poliunt
1011 1165 1174 1236 numerari
1185 1163 1271 1234 stelle

249 1265 311 1336 celi
326 1269 361 1338 &
374 1294 472 1340 arena
488 1271 596 1360 maris,
614 1273 660 1344 ita
676 1271 852 1346 multitudo
869 1271 1128 1344 Christianorum
1144 1294 1273 1368 poterat

83 1375 422 1466 naman-numerari.
450 1375 485 1448 Et
502 1393 755 1476 venerunt²per
771 1403 887 1450 terram
911 1381 946 1449 &
970 1405 1092 1474 aquarn
1113 1404 1188 1448 cum
1210 1378 1273 1468 lxxi

250 1479 351 1578 galeis
363 1483 398 1555 &
410 1507 487 1556 cum
504 1482 673 1559 mdafinita
685 1482 892 1558 multitudine
904 1485 1108 1583 Paganorum
1124 1487 1159 1556 &
1170 1487 1275 1557 Sarra·

253 1601 446 1680 cenorum,³
462 1592 497 1660 ἅ
507 1587 1055 1689 adduxerunttargias&tabulas&
1065 1591 1144 1662 ostia
1155 1591 1275 1662 domo·

291 1749 302 1786 1
320 1737 356 1792 M.
369 1753 422 1790 eor·
439 1765 471 1778 -
487 1758 502 1789 a
517 1741 545 1792 P.
561 1740 688 1794 venientes
699 1739 783 1810 itaque
796 1757 853 1794 curn
864 1740 925 1809 lxvj.
936 1771 971 1780 -
986 1759 998 1806 3
1015 1743 1053 1808 P.,
1065 1752 1146 1794 cetera
1157 1742 1280 1811 usquead

253 1833 274 1868 c·
290 1831 357 1873 xxm
369 1817 484 1884 minens,
496 1819 600 1889 legite&
614 1838 673 1877 cum
685 1821 762 1891 galeis
775 1823 872 1878 fortiter
887 1824 1033 1894 navigantes
1042 1825 1074 1876 ad
1085 1824 1278 1878 Christianorum

256 1907 357 1966 pontem
372 1899 613 1973 appropinquarunt.
627 1903 722 1958 Verum
732 1903 790 1972 quia
803 1903 876 1973 pauci
889 1906 999 1974 respeilu
1007 1904 1105 1958 illorum
1119 1916 1189 1958 erant
1198 1903 1279 1960 Chris·

257 1973 326 2040 dani,
344 1975 437 2032 asaele
450 1987 517 2034 terre
529 1999 572 2034 eos
589 1982 687 2050 penitus
699 1983 836 2036 credebant
853 1983 922 2055 polle
933 1985 1027 2053 delere;
1043 1983 1162 2038 foffatum
1178 1985 1280 2056 quidem

257 2053 453 2110 Christianorum
470 2057 539 2112 iuxta
552 2059 669 2115 foliarum
682 2061 857 2133 impleverunt.
881 2063 936 2133 Alij
956 2067 990 2118 ab
1007 2065 1055 2117 alia
1071 2075 1142 2134 parte
1160 2064 1280 2116 exercitur

258 2149 426 2202 putruerunt,
445 2137 503 2196 iuda
516 2139 649 2194 Christiani
660 2141 735 2198 valde
746 2142 890 2208 timuerunt,
911 2146 935 2198 δι
949 2161 1006 2198 cum
1022 2144 1166 2198 Christiania
1178 2145 1281 2214 prelium

259 2229 380 2286 magnum
394 2215 521 2290 inceptum
535 2221 568 2274 ell
583 2222 606 2274 ἃ
622 2221 720 2278 diuam
734 2241 764 2276 ea
776 2223 816 2275 die
828 2224 906 2294 usque
918 2224 951 2279 ad
965 2225 1088 2296 vesperas.
1112 2229 1183 2278 Hora
1197 2237 1282 2278 autem

258 2297 395 2364 vespertina
409 2297 533 2368 veniente,
554 2299 685 2354 Christiani
697 2301 795 2354 fortiter
806 2319 863 2355 cum
877 2302 986 2372 Paganis
999 2306 1023 2356 δι
1037 2304 1174 2358 Sarracenis
1187 2321 1283 2374 pugna-

260 2388 356 2430 verunt.
376 2377 495 2432 Videntee
509 2379 672 2432 sarraceni&
687 2379 792 2450 Pagani,
810 2379 948 2433 fortitudini
965 2381 1159 2435 Christianorum
1180 2381 1285 2436 resistere

261 2475 311 2510 non
326 2459 403 2529 pofl'e,
417 2473 484 2513 retro
496 2462 521 2514 se
532 2461 650 2516 facientes
664 2463 750 2532 lugam
761 2461 893 2532 petierunt.
909 2465 951 2514 Set
963 2462 1021 2532 quia
1030 2463 1055 2515 in
1068 2463 1145 2532 galeis
1154 2463 1286 2517 ascendere

261 2555 312 2591 non
326 2551 471 2610 potuemnl,
490 2541 563 2596 multi
575 2559 605 2594 ex
622 2541 667 2594 illia
683 2541 710 2594 in
726 2553 792 2596 terra
809 2543 833 2594 ἃ
854 2559 921 2612 aqua
935 2542 989 2594 sunt
1002 2542 1130 2596 mortui&
1146 2543 1286 2608 sunem&

263 2619 296 2671 de
316 2618 461 2674 Christiania
480 2621 551 2674 multi
574 2621 694 2674 vulnerati
716 2622 780 2676 sunt.
805 2625 846 2674 Set
870 2640 899 2673 ea
922 2621 962 2674 die
982 2621 1066 2674 divino
1088 2621 1179 2675 aunssio
1199 2639 1286 2692 parurn

98 2698 128 2743 P·
140 2695 157 2742 f·
169 2707 212 2744 ΙΙΙ
224 2693 252 2742 Β·
264 2697 407 2752 Christianis
419 2713 571 2770 nocuerunt3
584 2701 691 2772 legimur
705 2699 770 2753 enim
784 2699 809 2754 in
821 2699 922 2770 epistola
934 2701 1019 2755 Paralia
1038 2701 1065 2754 Si
1075 2705 1142 2756 Deus
1151 2711 1198 2771 pro
1212 2699 1288 2766 nobis,

265 2779 316 2846 quir
329 2790 416 2839 cantra
427 2779 492 2834 aas?
509 2781 641 2848 nioman„
654 2797 717 2847 vm,
735 2783 786 2847 aa]
802 2781 878 2834 Nulla
891 2781 984 2852 quippe
997 2781 1106 2834 humana
1118 2781 1204 2851 lingua
1218 2780 1289 2833 mise·

265 2857 313 2912 rias
326 2861 350 2914 tc
363 2859 478 2930 langores
492 2877 522 2916 ac
533 2860 730 2916 Christianorum
742 2860 908 2928 infirmitates,
918 2879 981 2930 quaa
995 2861 1126 2916 Christiani
1135 2861 1159 2914 in
1170 2861 1290 2914 Damiate

266 2937 395 2998 oblidione
408 2957 454 3010 pro
475 2937 569 2994 Christi
590 2959 677 2993 amore
695 2941 754 3014 palla
775 2939 884 3006 fuerunt,
904 2939 976 3012 plene
998 2939 1077 3010 poffet
1096 2939 1227 3008 explicare.
1249 2941 1290 2992 De

267 3019 350 3071 mense
362 3034 422 3072 vera
436 3018 534 3090 Aprilis
547 3021 658 3090 proxime
670 3019 789 3074 venientis
802 3039 845 3074 rex
856 3019 1012 3089 Egyptiacus
1027 3021 1050 3070 n
1066 3019 1219 3072 Corradinus
1233 3037 1290 3072 cum

268 3115 362 3168 magna
375 3098 537 3167 Paganorum
551 3101 575 3152 δι
588 3101 779 3154 Sarracenorum
793 3097 955 3154 multitudine
964 3099 998 3150 ad
1011 3097 1205 3152 Christianorum
1218 3097 1292 3152 folla-

268 3188 322 3232 tum
342 3177 470 3236 venientes
495 3177 586 3234 bellum
608 3177 764 3234 fortissumum
788 3197 845 3232 eum
870 3177 1013 3238 cnrltimie
1034 3177 1149 3232 inierauat.
1178 3178 1293 3230 Similiter

269 3257 406 3322 sarraceni,
425 3255 510 3326 quiin
534 3258 654 3311 Damiate
673 3257 773 3312 civitate
789 3257 901 3324 aderant,
921 3258 952 3310 de
970 3257 1021 3328 ipsa
1041 3269 1157 3310 exeuntes
1172 3257 1293 3328 ignem&

270 3333 385 3392 sulfirrem
402 3338 531 3392 accensum
554 3337 624 3409 supet
643 3338 835 3394 Chrlffianorum
857 3348 942 3410 gattos
956 3335 1111 3406 proiecerunt
1128 3339 1151 3388 δι
1168 3355 1211 3390 ens
1224 3354 1294 3389 cona—

270 3413 408 3484 bustarum,
428 3417 496 3472 unde
518 3417 650 3472 Christiani
668 3435 790 3487 magnum
808 3419 949 3471 habuerunt
970 3417 1100 3484 dolorem3
1120 3431 1295 3485 pugnaverunt

272 3511 381 3568 namque
393 3497 469 3553 ambe
480 3507 564 3590 parter
578 3497 680 3557 viriliter
692 3499 716 3550 ἃ
728 3496 863 3553 fortillirne.
875 3496 994 3552 Tandem
1009 3495 1091 3564 gratia
1105 3493 1208 3552 Domini
1220 3495 1295 3550 nostri

275 3573 393 3628 Crucifixi
406 3575 487 3648 liugan
499 3577 599 3631 filerunt
609 3577 707 3648 Pagani
719 3579 742 3630 &
756 3579 820 3630 ineo
835 3577 900 3629 bello
913 3593 1033 3645 magnum
1047 3573 1209 3627 sustinuerunt
1219 3573 1295 3628 detri-

274 3665 405 3722 mentum
425 3657 518 3724 gratian
532 3659 556 3710 δι
572 3657 657 3710 laudes
672 3657 784 3710 Domino
803 3657 887 3708 nostro
902 3655 973 3708 Ilaesu
989 3653 1087 3708 Chrillo
1101 3653 1244 3708 referamus!
1265 3654 1294 3704 In

275 3733 359 3786 mense
371 3751 432 3790 veru
444 3735 530 3804 Madil
541 3736 673 3805 sequentia,
686 3735 727 3788 die
739 3733 875 3790 Dominlen
888 3733 969 3804 priano
983 3731 1070 3785 meam
1080 3731 1188 3784 eiusdem
1201 3731 1251 3783 dua
1263 3731 1295 3782 de
1308 3738 1364 3800 Maj.
1377 3751 1398 3800 5.

277 3812 408 3866 Hostarica
427 3814 473 3868 iter
491 3814 625 3884 navigandi
646 3815 677 3866 ad
699 3814 855 3884 patriamque
879 3814 947 3866 suam
969 3809 1087 3864 redeundi
1105 3810 1205 3880 incepit,
1230 3809 1296 3862 unde

277 3891 407 3946 Christiani
425 3894 498 3946 valde
515 3893 570 3946 sunt
590 3893 734 3958 contristati,
756 3893 907 3946 soldanus&
927 3891 1081 3945 Corradinua
1093 3889 1226 3960 plurimum
1241 3891 1297 3942 sunt

277 3971 361 4040 gavisi.
384 3973 615 4044 Appropinquante
634 3971 674 4024 die
692 3973 790 4038 ariana,
812 3972 926 4025 soldanus
939 3973 963 4024 az
977 3969 1129 4024 Corradinus
1148 3985 1206 4022 cunr
1226 3970 1297 4023 omni
1310 3984 1366 4044 Maj.
1378 3985 1399 4030 ε,

278 4063 354 4120 gente
371 4069 458 4105 eorum
470 4052 541 4121 super
553 4049 688 4104 nucitum
701 4049 894 4103 Christianorum
909 4049 1023 4102 insultum
1033 4049 1144 4102 fecenrnt
1159 4049 1235 4118 &per
1247 4047 1298 4100 vim

279 4131 305 4182 in
318 4129 410 4184 tuffam
419 4129 613 4188 Christianorum
626 4131 745 4186 intrantes
756 4129 859 4200 prelium
875 4145 994 4199 magnum
1004 4145 1061 4182 rum
1073 4126 1217 4181 Christianis
1230 4143 1299 4179 com·

281 4209 408 4276 miserunt,
426 4211 596 4264 indubitanter
619 4211 756 4274 eredentes,
778 4208 929 4263 Christianos
949 4209 982 4261 de
996 4207 1085 4277 Egipti
1097 4217 1161 4258 terra
1174 4205 1242 4276 poffe
1259 4223 1299 4259 ex·

282 4289 371 4364 pellere
387 4291 411 4342 δι
428 4307 471 4344 eor
492 4303 621 4360 tamquam
635 4289 748 4360 captivat
768 4289 793 4342 in
817 4289 859 4341 sua
875 4287 995 4357 potestate
1013 4285 1116 4350 habere,
1134 4285 1175 4338 sed
1187 4285 1301 4340 Domim

1103 4379 1135 4422 1²
