3694 5626
581 525 647 602 144
815 522 926 576 LIBER
951 521 1104 576 DUELLII
1129 522 1354 576 CHRISTIANI

501 763 558 811 ms
622 746 669 816 lll.
693 741 882 815 Conuisiati
908 743 1016 814 sumus
1042 742 1238 816 multociens
1262 767 1325 840 pro
1347 741 1492 840 quadam
1520 745 1595 816 turri

572 847 788 940 munitissima,
809 849 904 945 super
920 851 1109 948 congeriem
1127 849 1294 947 lignorum
1309 851 1344 920 in
1362 849 1473 920 medio
1488 847 1595 920 flumi-

572 957 621 1028 nis
630 954 794 1028 fabricata
809 959 842 1026 ln
852 955 915 1026 hac
926 957 1151 1027 enirncamere
1163 979 1265 1048 erant,
1279 951 1357 1026 srcut
1365 956 1459 1052 supra
1472 954 1595 1027 dissum

572 1063 627 1152 est,
645 1061 849 1160 septuaginta
870 1063 954 1134 &in
973 1059 1102 1160 singulis
1119 1061 1166 1132 his
1183 1063 1242 1132 tria
1258 1061 1411 1154 archeria,
1427 1063 1462 1133 in
1480 1057 1595 1158 quibus

571 1167 688 1240 milites
705 1169 838 1240 trecenti
863 1193 940 1238 cum
967 1168 1075 1239 multis
1092 1166 1209 1239 balistis
1228 1171 1263 1239 ἃ
1286 1171 1383 1239 armis
1399 1170 1434 1238 dt
1457 1193 1518 1242 tres
1533 1170 1595 1241 mi-

573 1276 643 1363 rarij
660 1271 702 1345 ad
722 1271 965 1348 defendendum
986 1275 1149 1346 constituti
1164 1277 1199 1345 δε
1216 1275 1368 1348 victualia
1385 1275 1486 1348 multa
1505 1301 1596 1348 erant

570 1381 643 1472 illis,
665 1378 708 1451 ad
724 1405 848 1452 annum
867 1377 1067 1451 sufficientia.
1096 1381 1175 1450 Tres
1192 1382 1291 1452 etiarn
1318 1406 1432 1452 catene
1453 1407 1544 1454 erant
1560 1384 1595 1452 in

571 1513 610 1558 ea
627 1486 818 1558 conclavate
835 1487 935 1582 usque
959 1485 1003 1558 ad
1027 1511 1138 1558 muros
1155 1487 1303 1578 civitatis,
1328 1488 1374 1558 ita
1397 1486 1490 1583 quod
1505 1489 1596 1560 nulla

571 1595 661 1667 navis
674 1619 733 1690 per
745 1589 879 1666 fluvium
893 1590 1000 1692 posset
1012 1591 1195 1682 ascendere,
1213 1593 1355 1690 ideoque
1368 1593 1466 1664 nostri
1479 1596 1593 1690 nequi·
1632 1623 1634 1627 ’

570 1697 651 1772 bant
662 1699 783 1771 civitati
797 1701 1064 1794 appropinquare
1076 1700 1111 1768 dt
1124 1700 1315 1771 exstruentes
1327 1699 1426 1770 scalas
1442 1703 1475 1771 in
1488 1703 1594 1798 prima

494 1831 557 1866 rm·
571 1803 624 1877 die
641 1806 707 1896 lulij
725 1803 956 1876 debellavimus
974 1805 1086 1876 turrim
1102 1829 1264 1902 putantes,
1288 1829 1350 1877 nos
1366 1803 1459 1902 posse
1477 1831 1594 1902 capere

571 1938 653 1984 eam.
674 1910 765 1984 scale
781 1935 859 1983 vero
877 1909 975 1981 stadie
994 1911 1134 2003 suerunt,
1152 1937 1252 2008 quam
1271 1912 1338 1981 cito
1353 1913 1430 1982 turri
1445 1913 1520 1982 sunt
1535 1938 1592 2008 ap·

570 2013 683 2116 pofite,
697 2019 732 2089 δι
747 2015 934 2112 plusquam
950 2039 1083 2087 centum
1099 2017 1296 2090 strenuissimi
1310 2018 1369 2090 viri
1384 2019 1500 2090 milites
1516 2043 1591 2090 cum

570 2147 692 2222 nepote
710 2121 801 2194 ducis
814 2125 939 2194 Austrie
954 2124 988 2193 in
1005 2149 1093 2219 aqua
1109 2121 1259 2195 submersi
1272 2125 1354 2197 sunt.

620 2231 671 2302 lV.
690 2235 806 2302 lterum
825 2230 910 2301 sasla
927 2229 971 2300 est
994 2230 1057 2301 alia
1073 2230 1157 2301 scala
1175 2227 1216 2301 ab
1237 2227 1491 2302 Austrafionibus
1507 2232 1542 2302 δι
1557 2233 1591 2302 in

446 2357 505 2414 Aut·
518 2366 556 2414 υ,
569 2335 650 2408 sesto
681 2336 788 2408 Sansli
815 2335 1013 2408 bartolomei
1041 2333 1145 2434 pofira
1171 2335 1216 2406 est
1248 2335 1290 2406 ad
1321 2335 1444 2407 turrim.
1478 2336 1590 2434 Quam

570 2441 727 2534 videntes,
752 2441 872 2540 Pagani
895 2443 1059 2514 eiecerunt
1074 2443 1188 2539 ignem
1205 2441 1381 2512 sulfureum
1397 2443 1591 2538 supeream,

569 2573 633 2644 que
651 2547 747 2618 nimis
770 2547 905 2622 aoueusa
922 2547 977 2638 est,
1000 2548 1035 2618 ὅ(
1056 2571 1182 2636 onmes,
1200 2547 1256 2644 qui
1277 2573 1351 2621 eam
1369 2545 1589 2636 ascenderant,

567 2651 760 2726 videbantur
774 2653 919 2728 cremari.
950 2653 1031 2748 Quo
1048 2653 1128 2746 viso,
1153 2650 1410 2727 Christianorum
1434 2655 1591 2728 exercitus

568 2760 777 2856 prosternitur
793 2782 891 2850 tonus,
909 2753 1047 2832 fitndens
1069 2757 1218 2830 lacrimas
1235 2783 1311 2830 cum
1328 2758 1530 2834 orationibus
1547 2758 1590 2832 ad

567 2866 762 2956 Dominum,
788 2862 844 2940 sed
869 2865 982 2936 arretie
1003 2863 1182 2939 multorum
1208 2887 1335 2940 tantum
1354 2890 1445 2936 erant
1460 2866 1589 2966 exaspe-

567 2995 644 3064 rare,
663 2967 755 3066 quod
779 2971 831 3042 vix
851 2967 1017 3044 dicebam:
1044 2975 1176 3041 Domine
1192 2973 1352 3066 miserere!
1375 2970 1466 3044 Cum
1481 2995 1589 3047 autem

566 3079 707 3176 primam
729 3075 844 3152 boram
865 3073 1002 3148 essemus
1026 3076 1059 3152 in
1081 3075 1143 3148 hac
1166 3076 1304 3167 tristicia,
1329 3073 1433 3147 subito
1450 3075 1589 3149 vidimus

565 3184 677 3259 lumen
700 3182 895 3254 immensum
916 3181 1084 3256 coruscare
1104 3181 1199 3278 super
1222 3183 1398 3256 exercitum
1414 3184 1448 3256 δι
1465 3182 1498 3254 in
1514 3183 1589 3256 turri

565 3291 673 3362 sande
687 3289 788 3359 crucis
805 3287 966 3358 vexillum.
985 3288 1045 3358 His
1057 3285 1138 3378 vifis,
1156 3312 1235 3383 quas
1253 3313 1292 3358 ex
1304 3287 1392 3358 luou
1407 3289 1588 3380 amiserant,

565 3419 664 3468 voces
689 3393 862 3467 confestim
878 3415 1159 3490 recuperaverunt,
1176 3393 1287 3490 iraque
1312 3394 1403 3466 turris
1421 3416 1517 3490 capta
1533 3391 1587 3482 est,

564 3503 699 3599 &capti
714 3499 845 3578 suerunt
860 3501 896 3575 in
913 3525 952 3575 ea
968 3526 1083 3576 omnes
1099 3500 1215 3577 nriiites
1234 3526 1310 3575 cum
1328 3500 1425 3576 tribus
1441 3502 1585 3574 rnirariis.

612 3607 654 3680 V.
668 3607 827 3706 Quicum
839 3605 928 3676 dusii
941 3603 1071 3678 fuissent
1087 3631 1162 3680 anre
1180 3603 1299 3678 ducem
1315 3608 1450 3698 Austrie,
1469 3603 1587 3703 quefie-

564 3737 649 3801 ntor,
682 3709 816 3788 ubinam
841 3709 941 3786 essent
964 3713 1092 3798 milites,
1124 3713 1180 3808 qui
1205 3709 1261 3784 srbi
1285 3714 1320 3786 in
1348 3709 1484 3794 vestibus
1507 3710 1587 3786 albis

564 3841 791 3918 apparuerant,
815 3817 846 3890 se
872 3825 949 3888 inter
966 3845 1017 3891 eos
1044 3823 1134 3890 eriam
1158 3822 1281 3912 quidum
1305 3823 1411 3890 rubeus
1432 3845 1505 3908 aar,
1535 3825 1587 3910 qui

564 3951 664 4000 omues
688 3925 891 3996 modulatione
915 3926 999 3998 dulci
1021 3959 1032 3994 .·
1053 3927 1095 3994 te
1118 3929 1216 4000 Deum
1243 3925 1401 3996 laudamus
1421 3927 1585 4020 personan-

563 4057 608 4106 rer
622 4057 680 4103 nos
688 4029 851 4124 sorriffime
866 4033 1081 4124 expugnabant.
1113 4030 1208 4106 Tunc
1224 4055 1340 4104 omnes
1358 4029 1456 4102 nostri
1474 4026 1585 4102 ostensi

564 4138 636 4208 sunt
650 4136 709 4228 eis,
726 4135 783 4230 qui
799 4131 965 4208 dixerunt:
991 4137 1127 4234 mlius
1148 4142 1268 4231 {storum
1286 4143 1390 4232 iuvafir
1403 4162 1466 4208 nos.
1491 4133 1585 4210 Tunc

564 4239 748 4316 cbriliianus
778 4241 932 4316 exercitus
963 4239 1129 4334 intellexit,
1166 4237 1257 4337 quod
1287 4242 1451 4318 Dominus
1480 4241 1586 4312 noster
