3694 5626
569 501 617 575 92
870 530 872 534 .
1003 493 1131 546 Gesun

499 751 558 798 1219
571 739 663 784 mum
682 713 754 783 l'unr
775 711 927 782 mirati&
942 709 1060 781 valde¹
1080 711 1246 806 perterriti.
1277 709 1469 802 Credentes,
1499 711 1532 781 in
1550 735 1592 783 eo
1605 730 1663 782 nt.
1677 745 1722 782 ιιι
1734 732 1765 778 n.

570 845 687 893 arcana
716 811 783 889 Dei
797 816 1056 888 Christianorum
1083 816 1164 908 fote,
1192 843 1231 887 ex
1247 817 1334 888 illius
1349 819 1469 888 timore
1485 819 1593 890 verius

571 925 768 998 Christianos
795 923 1059 1020 appropinquare
1077 920 1141 993 aust
1159 948 1227 993 non
1241 923 1380 1013 fiterunt,
1408 922 1463 994 led
1484 949 1594 995 amare

571 1034 671 1127 usque
696 1029 738 1100 ad
755 1031 871 1100 horam
889 1053 978 1099 none
1001 1028 1157 1100 steterunt.
1181 1029 1353 1100 Christiani
1369 1055 1448 1102 vero
1466 1029 1532 1101 hoc
1547 1032 1593 1102 vi·

572 1139 695 1226 d'entes,
722 1137 846 1233 ingenti
862 1135 984 1233 gaudio
1009 1136 1044 1205 ἀ
1058 1135 1159 1207 leticia
1184 1136 1257 1206 sunt
1280 1137 1434 1232 repleti32
1454 1134 1594 1207 libentis·

571 1247 649 1319 fime
666 1247 772 1320 versus
784 1247 936 1315 inimicos
949 1243 1085 1335 ivillent,
1104 1243 1170 1336 nist,
1196 1247 1272 1340 quia
1287 1247 1464 1342 temptoria
1481 1269 1595 1318 eorurn

573 1379 707 1455 propter
726 1353 976 1424 sarracenorum
1000 1375 1137 1440 metum,
1168 1355 1224 1447 qui
1249 1353 1283 1423 in
1305 1353 1433 1424 civitate
1450 1351 1595 1443 aderant,

573 1489 594 1534 a
614 1461 719 1532 castris
746 1456 949 1529 recedere&
973 1458 1180 1553 relinquere³
1200 1471 1269 1529 non
1291 1456 1465 1549 audebant,
1492 1463 1527 1532 ἃ
1552 1459 1596 1528 ita

504 1631 505 1634 ,
575 1593 711 1663 utraque
725 1591 800 1662 pars
817 1564 860 1635 ad
875 1565 931 1635 sua
946 1565 1047 1635 castra
1060 1563 1163 1636 rediit.

622 1673 749 1745 XXVll.
772 1672 852 1768 Qto
876 1671 973 1762 faci0,
997 1669 1171 1741 Christiani
1189 1671 1293 1740 statim
1311 1673 1472 1768 gattos&
1488 1669 1596 1742 trabu-

575 1781 653 1853 chos
670 1781 705 1850 ὅ(
724 1777 905 1873 petrariam
921 1779 956 1848 ἃ
977 1777 1075 1847 castra
1091 1776 1256 1874 lignorum
1274 1779 1309 1848 dc
1329 1777 1391 1850 alia
1413 1781 1597 1848 innumera·

575 1885 651 1958 bilia
663 1882 927 1954 machinamenta
939 1895 951 1942 ⁵
964 1880 1032 1952 fieri
1047 1881 1192 1952 fecerunt
1204 1907 1264 1978 pro
1281 1883 1410 1956 civitate
1425 1881 1595 1982 capienda.

575 1999 655 2064 ltetn
665 1993 679 2040 ⁶
691 1991 864 2062 Christiani
876 2015 1032 2087 ceperunt
1043 1988 1204 2061 suffodere
1215 2013 1346 2083 terram,
1363 2012 1523 2088 putantes,
1541 1989 1598 2060 tali

576 2097 681 2170 modo
699 2095 843 2168 incidere
858 2121 958 2167 turres
976 2096 1110 2169 civitatis
1124 2099 1159 2166 ἃ
1176 2121 1292 2191 capere
1307 2121 1436 2188 certam,
1455 2094 1511 2168 sed
1524 2097 1600 2191 quia
1651 2175 1656 2178 ,

577 2201 730 2274 foliatum
746 2202 881 2273 civitatis
907 2225 975 2272 erat
990 2200 1125 2296 plenum
1142 2224 1238 2297 aqua,
1266 2202 1299 2272 in
1316 2225 1443 2274 tantum
1460 2201 1598 2274 destilla-

576 2309 643 2400 bat,
671 2307 761 2403 quod
788 2308 925 2378 lumersa
954 2307 998 2377 est
1023 2307 1101 2379 fova
1123 2307 1390 2402 Christianorum,
1412 2311 1447 2379 ἃ
1469 2307 1599 2380 τεάειᾶε

577 2414 707 2488 suntad
725 2414 861 2484 nihilum
879 2413 1027 2508 expense,
1045 2439 1109 2509 que
1127 2413 1210 2484 fade
1223 2441 1314 2486 erant
1326 2414 1382 2507 ibi,
1395 2417 1430 2486 &
1442 2414 1600 2504 videntes,

579 2519 670 2618 quod
685 2521 765 2590 nihil
778 2516 967 2615 prodeffet⁷
987 2521 1031 2590 eis
1047 2545 1128 2590 cava
1143 2519 1208 2611 illa,
1229 2521 1475 2593 construxerunt
1491 2544 1599 2618 gattos

579 2655 640 2726 pro
660 2627 747 2699 dicia
763 2627 891 2699 civitate
907 2624 1077 2723 capienda.
1098 2627 1193 2696 Tunc
1216 2629 1305 2700 venit
1321 2627 1476 2725 caliphus,
1489 2627 1502 2673 ⁸
1514 2651 1600 2724 papa

578 2741 839 2822 sarracenorum,
857 2757 934 2803 cum
957 2757 1046 2803 tanta
1064 2731 1279 2822 multitudine,
1307 2733 1399 2828 quod
1415 2756 1486 2804 non
1502 2733 1601 2805 habe·

579 2843 659 2916 bant
677 2866 858 2929 numerum,
884 2843 918 2910 δι
935 2840 1011 2910 fecit
1027 2863 1182 2936 magnam
1201 2837 1438 2938 indulgentiam
1454 2839 1527 2931 illis,
1545 2841 1602 2935 qui

580 2977 655 3023 cunr
673 2976 714 3022 eo
733 2971 886 3022 venerant
902 2943 944 3016 ad
960 2947 1135 3016 exercitum
1152 2970 1277 3016 eorum.

469 3077 567 3134 lunar-
629 3055 769 3128 XXVlll.
792 3060 826 3124 ln
847 3054 956 3152 vigilia
982 3055 1088 3124 sancii
1111 3053 1261 3122 iohannis
1285 3053 1420 3150 Baptiste
1442 3051 1515 3148 post
1535 3051 1601 3124 ves·

581 3189 673 3261 peras
694 3187 852 3234 venerunt
877 3161 985 3232 ferev
1012 3159 1112 3230 millia
1139 3161 1304 3230 Sarraceni
1335 3159 1420 3230 circa
1450 3155 1602 3229 foliatum

581 3271 849 3360 Christianorum,
871 3265 958 3338 unde
975 3265 1128 3337 dominus
1146 3270 1280 3336 loannes
1297 3263 1339 3336 de
1355 3265 1434 3336 Affis
1452 3261 1529 3336 curn'
1542 3265 1602 3337 suis

581 3376 735 3449 militibus
758 3375 908 3473 percuffit
926 3375 1011 3445 inter
1035 3373 1107 3443 illos
1129 3373 1163 3442 δι
1180 3397 1219 3443 ex
1239 3373 1284 3443 eis
1305 3372 1466 3442 interfecit
1483 3371 1602 3443 multos

582 3489 616 3556 &
631 3484 724 3555 rediit
740 3509 817 3554 cum
832 3481 976 3554 victoria.

470 3615 520 3660 ιιι.
532 3623 570 3671 ιι
630 3590 744 3663 ΧΧΙΧ.
759 3596 792 3660 ln
805 3589 885 3660 festo
900 3585 1034 3684 quidem
1047 3587 1133 3657 Beati
1146 3584 1295 3655 Iohannis
1308 3583 1443 3681 Baptiste
1458 3584 1602 3681 precepit

583 3699 735 3771 dominus
754 3697 889 3794 legatus,
911 3719 945 3766 ut
962 3717 1077 3764 omnes
1093 3693 1308 3790 penitentiam
1324 3701 1482 3788 agerent⁹
1501 3692 1536 3759 δι
1549 3690 1601 3760 tri-
1613 3717 1674 3766 Μιι.
1686 3733 1707 3780 p.
1720 3730 1781 3777 1094

583 3805 728 3876 duanum
738 3803 880 3874 facerent
891 3799 1284 3872 ieiunium&difcalciatis
1292 3795 1430 3895 pedibus
1439 3795 1480 3868 ad
1492 3820 1602 3868 veram

621 4049 632 4082 r
649 4031 686 4082 M.
696 4029 756 4079 add.
773 4025 835 4076 sunt.
853 4055 887 4062 -
904 4043 918 4076 ι
932 4025 958 4075 Ρ.
971 4021 1054 4091 gavifi.
1068 4053 1104 4062 —
1119 4041 1131 4087 3
1146 4024 1171 4074 P.
1184 4039 1227 4076 orn.
1239 4023 1264 4074 8ι
1275 4021 1360 4089 relinq.
1375 4049 1408 4060 -
1423 4021 1477 4082 412.
1486 4019 1600 4072 redarim.

584 4140 616 4150 -
633 4129 645 4176 ς
663 4111 701 4161 Μ.
719 4105 839 4158 machina.
862 4133 893 4144 ·-
916 4109 930 4156 ⁶
952 4104 1139 4158 Reclamant
1156 4101 1250 4170 paffum
1270 4103 1304 4154 ab
1318 4103 1382 4152 Item
1404 4099 1477 4168 usqu
1491 4101 1519 4152 ln
1540 4099 1602 4152 lelio

584 4189 684 4259 quidem
704 4189 733 4239 B.
747 4185 800 4238 loh.
816 4186 890 4252 Bept.
904 4201 948 4236 orn.
968 4213 1000 4222 -
1015 4201 1029 4245 7
1043 4184 1080 4235 Μ.
1096 4182 1219 4251 proderet.
1235 4212 1270 4221 -
1283 4186 1297 4232 8
1310 4181 1349 4234 Μ.
1363 4179 1472 4250 Callpua.
1486 4209 1520 4220 -
1536 4197 1551 4245 9
1564 4179 1602 4232 Μ.

583 4268 665 4322 omnis
677 4265 798 4318 exercitus
809 4263 931 4333 acciperet
943 4262 1129 4332 poenitentiam.
