3688 5640
544 525 592 622 48

475 785 534 835 ¹²¹⁹
547 760 726 854 observari3
750 759 926 831 luxuriosus
943 760 1032 830 enim
1054 759 1115 828 fuit
1134 755 1356 830 &bellicosus
1373 753 1517 854 ideoque
1533 755 1575 828 de

546 867 816 940 immundicia&
839 870 983 940 vanitate
1009 867 1117 962 legem
1145 865 1261 956 statuit,
1286 891 1386 961 quam
1407 865 1576 936 carnaliter

547 977 691 1048 viventes
718 978 751 1048 in
778 999 869 1073 parte
886 975 1062 1046 voluntatis
1081 972 1215 1043 firmiter
1236 969 1418 1046 observant.
1446 971 1481 1042 Et
1497 969 1576 1042 sicut

547 1082 656 1181 legem
676 1083 819 1154 nostram
835 1083 951 1153 vetitas
964 1084 999 1151 &
1013 1077 1180 1151 mundisia
1198 1079 1360 1167 muniunt,
1375 1079 1419 1149 ita
1438 1081 1472 1149 ἃ
1485 1105 1574 1151 erro·

548 1216 616 1260 rem
633 1189 778 1285 ipsorum
805 1190 903 1259 timor
924 1186 1110 1260 mundanus
1134 1191 1169 1258 dc
1194 1186 1353 1257 humanus
1375 1188 1409 1256 ὅ(
1424 1185 1575 1284 voluptas

547 1297 682 1368 carnalis
699 1295 874 1367 firmiffime
895 1293 1088 1365 custodiunt.

416 1428 482 1476 unt.
497 1441 533 1489 3¹·
597 1409 630 1474 ln
645 1401 698 1474 die
715 1402 900 1499 palmarum
916 1427 1005 1472 anno
1024 1403 1201 1497 prescripto
1219 1401 1342 1470 inimici
1360 1401 1457 1472 nostri
1474 1401 1576 1474 multa
1589 1411 1680 1475 V·‚f·9
1694 1417 1795 1472 ’Ἣ

378 1525 381 1534 “
547 1510 812 1580 comminacione
826 1506 989 1606 premissa,
1007 1533 1071 1602 qua
1091 1509 1121 1578 se
1135 1507 1221 1604 ipsos
1234 1509 1268 1577 ἃ
1281 1531 1342 1577 nos
1359 1533 1424 1579 una
1438 1506 1491 1579 die
1504 1535 1576 1606 per·

547 1615 672 1706 derent,
682 1616 911 1687 collocucione
921 1612 1064 1703 terribili,
1078 1611 1305 1684 innumerabili
1320 1615 1468 1710 equitum
1478 1618 1576 1712 &pe-

548 1721 653 1794 ditum
670 1724 855 1795 construslo
877 1724 1017 1794 exercitu
1038 1723 1132 1818 super
1150 1746 1211 1790 nos
1228 1722 1399 1806 irruerunt,
1424 1720 1578 1794 fossatum

548 1833 693 1902 nostrum
708 1829 853 1926 undique
872 1828 1062 1901 invadentes
1079 1831 1114 1899 δι
1128 1829 1268 1898 maxime
1281 1851 1420 1924 pontem
1440 1831 1577 1927 templa·

547 1940 671 2008 riorum
697 1940 730 2008 ὃ(
760 1936 850 2008 ducis
878 1937 1012 2026 Austrie,
1043 1962 1142 2030 quem
1169 1936 1237 2032 ipse
1263 1961 1340 2005 cum
1366 1935 1577 2008 Theutonicis

549 2042 794 2116 defendendum
813 2045 1003 2140 susceperat.
1033 2043 1150 2112 Hostes
1168 2068 1257 2132 vero,
1275 2067 1351 2111 cum
1369 2042 1476 2114 eleelis
1494 2045 1578 2116 mili-
1840 2039 1841 2054 ³

549 2149 632 2222 tibus
658 2149 699 2222 de
725 2152 817 2247 equis
845 2149 1087 2242 descendentes,
1115 2175 1192 2219 cum
1221 2147 1398 2220 christianis
1428 2153 1579 2223 atrociter

548 2282 790 2355 pugnaverunt,
808 2258 884 2328 binc
902 2260 936 2328 ἃ
953 2255 1030 2327 inde
1048 2255 1154 2327 multis
1172 2251 1283 2324 occifis
1300 2253 1492 2350 &pluribus
1508 2259 1578 2330 vul·

550 2365 677 2435 neratis.
690 2364 842 2437 Tandem
853 2365 1078 2461 prevaluenmt
1090 2363 1187 2450 adeo,
1204 2360 1307 2456 quod,
1322 2386 1461 2458 pontem
1470 2363 1579 2436 ascen·
1592 2379 1628 2438 3.,
1640 2397 1661 2442 r·
1673 2395 1730 2442 234,
1741 2397 1760 2427 c.
1772 2395 1795 2428 2·

550 2469 673 2564 dentes,
690 2499 817 2569 partem
834 2498 930 2543 exeo
948 2469 1200 2544 combusserunt.

599 2581 674 2650 Dux
698 2604 804 2651 autern
832 2579 956 2650 Austrie
984 2581 1129 2677 precepit
1152 2581 1225 2672 suis,
1251 2607 1295 2668 ut,
1328 2607 1431 2678 ponte
1456 2579 1578 2668 relicto,

550 2685 676 2758 aditum
690 2685 807 2758 darent
820 2685 1020 2778 instantibus,
1039 2687 1092 2758 sed
1106 2689 1223 2759 intrare
1237 2715 1304 2758 non
1318 2688 1579 2785 presumpserunt

551 2818 685 2890 propter
707 2793 861 2864 miliciam
882 2794 1035 2882 nostram,
1064 2821 1127 2891 que
1151 2796 1218 2866 suas
1243 2797 1328 2867 acies
1353 2797 1386 2866 in
1404 2791 1578 2866 subsidium

551 2903 755 2972 municiones
769 2899 1021 2972 defendencium
1036 2900 1261 2992 ordinaverat3
1280 2901 1428 2972 inuberes
1445 2927 1577 2997 aquam,

551 3033 652 3104 panes
670 3010 704 3078 ἃ
723 3009 836 3080 vinum
861 3003 1069 3078 bellatoribus
1096 3007 1208 3078 nostris
1233 3007 1395 3106 intrepide
1423 3008 1577 3078 ministra·

551 3111 642 3205 bant,
674 3116 822 3187 oracioni
841 3113 1021 3186 sacerdotes
1039 3113 1209 3205 instabant,
1236 3116 1371 3186 vulnera
1395 3115 1579 3186 sauciorum

549 3220 687 3318 ligantes
706 3247 744 3292 ac
757 3219 995 3293 benedicentes.
1012 3221 1054 3292 Eo
1073 3221 1125 3292 die
1139 3247 1199 3319 pro
1213 3223 1330 3318 palmis
1347 3219 1473 3293 balistas
1486 3220 1577 3320 gelli·

551 3355 623 3399 mus
641 3332 676 3399 &
693 3355 783 3400 arcus
796 3353 858 3426 pro
874 3331 970 3400 ramis
984 3327 1148 3420 arborum,
1167 3331 1295 3403 lanceas
1309 3333 1343 3401 ἃ
1357 3327 1487 3428 gladios
1504 3353 1579 3400 cum

552 3436 663 3532 clipeis
677 3436 821 3526 tulimus,
846 3433 932 3506 adeo
954 3462 1014 3506 nos
1031 3437 1250 3510 instantissime
1266 3435 1436 3528 vexabant,
1464 3436 1520 3533 qui
1536 3433 1579 3506 ad
1594 3435 1796 3496 V··f·¹0¹⁰2⁶·¹·

556 3541 762 3639 perdendum
786 3567 847 3612 nos
868 3541 972 3613 studio
990 3541 1155 3615 liberande
1183 3545 1318 3614 civitatis
1347 3567 1578 3616 convenerant.

553 3645 690 3720 Instabat
706 3649 771 3720 iam
785 3648 914 3720 vernale
927 3647 1121 3747 passagium,
1139 3647 1313 3721 recessurus
1331 3673 1400 3722 erat
1415 3649 1481 3721 dux
1498 3649 1579 3720 Aus-

555 3755 625 3843 trie,
645 3755 702 3850 qui
719 3779 918 3852 perannum
935 3757 970 3825 &
987 3753 1160 3826 dimidium
1177 3755 1307 3828 Christo
1322 3771 1330 3802 ¹
1344 3755 1481 3828 fideliter
1499 3755 1580 3827 mili·

555 3885 690 3952 taverat,
702 3861 855 3958 princeps
869 3859 1176 3958 devocioneplenus
1189 3862 1378 3951 humilitate,
1388 3859 1582 3933 obediencia

555 3966 755 4065 &largitate
773 3969 848 4038 Deo
866 3991 986 4066 gratus,
1003 3971 1059 4065 qui
1076 3993 1183 4066 preter
1198 3969 1279 4039 alios
1297 3969 1442 4064 sumptus
1455 3970 1581 4038 incom-

557 4069 727 4169 parabiles,
739 4097 823 4170 quos
836 4075 871 4148 in
884 4076 1031 4173 negociis
1043 4073 1163 4146 bellicis
1176 4099 1216 4146 ac
1226 4076 1356 4170 privatis
1370 4075 1582 4166 eleemosynis

596 4327 605 4361 r
623 4311 651 4364 7.
665 4309 810 4364 Christiano.
