3694 5626
547 545 968 598 onsmtoutsnuumrn.
1221 529 1267 624 85

249 789 367 834 norum
380 766 415 833 &
427 765 678 834 Sarracenorum
690 763 804 833 Beatus
818 764 995 862 Georgius,
1012 765 1107 836 armis
1120 761 1200 836 albis
1219 765 1269 834 in·
1284 798 1342 848 ηις

248 869 356 959 dutus,
376 873 411 941 δι
437 867 686 940 innumerabiles
707 869 822 940 milites
842 895 919 941 cum
942 895 994 962 e0,
1011 867 1152 941 similiter
1173 871 1270 941 armis

248 973 328 1048 albis
342 989 352 1024 ¹
365 980 400 1046 δι
414 973 549 1047 vestibus
566 973 713 1045 candidis
727 974 841 1048 induti.
859 974 1017 1048 Videntes
1034 1001 1142 1047 autem
1153 977 1273 1074 Pagani

249 1107 317 1173 eos,
331 1083 422 1153 cursu
436 1081 633 1154 velociisttno
645 1095 660 1128 ²
672 1081 859 1179 expredore
873 1107 997 1180 magno
1010 1083 1186 1171 venientes,
1200 1109 1271 1180 pet·

250 1189 348 1259 territi
366 1189 480 1286 sugam
493 1211 649 1282 ceperunt
664 1189 699 1257 dt
716 1189 875 1284 fugientes
893 1213 956 1260 nec
972 1213 1064 1284 pater
1079 1186 1193 1278 filium,
1211 1213 1273 1259 nec

210 1312 215 1320 '
249 1294 332 1365 filius
350 1319 477 1392 patrem
497 1291 711 1390 exspesiabat,
730 1296 829 1365 castra
843 1298 878 1366 ἀ
894 1295 1016 1382 omnia,
1036 1296 1150 1389 quein
1167 1294 1272 1366 castris

245 1397 426 1490 habebant,
444 1401 570 1496 penitus
583 1400 810 1495 relinquentes,
827 1404 862 1472 δι
874 1414 885 1460 ³
898 1401 997 1471 etiam
1009 1399 1193 1492 Christiani,
1207 1399 1273 1471 hoc

252 1504 431 1597 audientes,
457 1531 616 1604 magnum
632 1505 814 1578 habuerunt
830 1510 992 1578 timorem.
1019 1505 1130 1577 Astera
1147 1505 1200 1578 die
1217 1533 1273 1580 ve-

252 1613 372 1703 niente,
402 1637 484 1682 unus
509 1638 547 1684 ex
572 1613 716 1708 Paganis,
743 1616 800 1708 qui
823 1614 857 1682 in
885 1637 1006 1707 campo
1030 1612 1236 1701 remanserat,
1258 1625 1274 1672 4

252 1719 384 1790 vocavit
406 1717 606 1789 Christianos
630 1716 762 1789 &dixit
785 1721 845 1790 eis:
878 1724 991 1809 Vertite,
1016 1725 1086 1810 quio
1112 1721 1273 1790 sarraceni

245 1829 359 1919 fugam
377 1850 514 1919 ceperunt
531 1825 562 1894 d»
578 1831 670 1916 costra
687 1853 752 1894 cum
770 1830 905 1896 omnibus
920 1827 1113 1918 dimiserunt!

301 1930 364 2012 XV
366 1934 385 2000 s.
405 1931 486 2026 Quo
500 1930 599 2020 sasiO,
613 1929 796 2020 Christiani,
809 1929 852 2002 ad
865 1932 964 2000 casira
971 1953 1154 2027 pergentes,
1168 1953 1274 2027 temp-

253 2037 337 2108 toria
347 2039 382 2108 &
395 2037 517 2122 omnia,
533 2061 596 2130 que
613 2037 648 2105 in
665 2037 771 2107 castris
788 2036 933 2123 aderant,
955 2033 1137 2107 habuerunt
1149 2039 1277 2108 &inter

254 2139 286 2209 se
303 2137 485 2212 diviserunt.
508 2142 543 2213 Et
559 2167 637 2212 tunc
654 2141 828 2213 Christiani
849 2141 1073 2218 intellexerunt
1090 2144 1125 2213 dt
1144 2140 1278 2212 firmiter

255 2245 470 2336 crediderunt,
484 2261 497 2308 5
510 2247 602 2344 quod
611 2250 775 2319 Dominus
785 2249 890 2318 noster
899 2247 1001 2318 ihesus
1011 2247 1154 2318 Christus
1163 2248 1277 2319 Cruci·

255 2351 337 2423 fixus
357 2351 439 2424 misn
455 2355 571 2424 milites
583 2355 656 2424 suos
669 2353 711 2424 ad
725 2353 983 2451 expugnandum
995 2353 1142 2451 Paganos
1157 2357 1192 2425 dt
1207 2355 1277 2425 Sar-

256 2486 401 2532 racenos.
421 2460 456 2530 Et
463 2459 674 2532 inhisdiebus
683 2461 833 2556 apparuit
844 2461 1023 2531 Sarracenis
1039 2458 1182 2554 quedam
1191 2463 1278 2532 terti·

257 2565 328 2638 bilis
337 2593 402 2640 vox
416 2565 572 2638 dicendo:
590 2573 695 2660 Fugite
707 2567 738 2636 G»
751 2574 792 2637 ite
808 2574 888 2637 viam
901 2573 1022 2658 effrem
1034 2566 1098 2663 sest
1111 2593 1180 2654 nou,
1198 2595 1277 2670 ntor·

256 2682 303 2744 rui
313 2674 328 2720 ⁶
339 2679 444 2744 eritis!
461 2673 495 2743 Et
507 2673 568 2744 hec
579 2699 645 2744 vox
659 2697 716 2768 per
729 2697 836 2743 totum
849 2673 1023 2743 exercitum
1035 2669 1103 2743 ibat
1116 2670 1278 2744 dicendo:

258 2785 374 2874 Fugite,
388 2785 504 2872 fugite,
521 2807 586 2848 ecce
599 2782 763 2871 Christiani
783 2807 836 2850 vos
856 2785 954 2849 omnes
977 2782 1157 2850 occidenti⁷
1176 2778 1211 2848 Et
1234 2781 1280 2850 ita

258 2887 422 2958 Sarraceni
447 2880 561 2982 sugam
584 2911 749 2980 ceperunt,
774 2888 809 2955 ὅ(
825 2881 866 2954 fic
883 2908 975 2980 pater
990 2909 1060 2954 non
1077 2883 1280 2981 exspesiabat

258 2991 361 3062 silium
385 2993 419 3060 δι
436 2992 563 3086 semper
586 2991 647 3061 hec
670 3016 736 3063 vox
753 2989 912 3062 dicendo:
940 2995 1044 3086 Qun
1066 3018 1123 3061 uon
1136 2995 1280 3085 figitis?
1322 3065 1326 3086 ι

259 3104 333 3168 Ecce
352 3103 515 3188 Christiani
520 3099 672 3190 sequendo
686 3101 819 3168 occident
832 3101 902 3167 voss
919 3097 954 3166 Et
970 3097 1075 3167 nullus
1089 3095 1280 3193 sequebatur

260 3229 329 3289 eos,
353 3205 388 3273 δι
403 3202 464 3271 hec
482 3227 547 3272 vox
566 3206 600 3273 δι
617 3191 780 3274 tribulatio'
797 3229 857 3299 per
881 3227 944 3273 tres
961 3201 1029 3273 dies
1046 3201 1171 3274 duravit
1187 3203 1281 3299 super

103 3335 137 3380 Μ.
150 3333 166 3380 t.
179 3336 209 3395 ⁶3
222 3335 247 3380 s.
259 3311 461 3380 Sarracenos.
480 3311 575 3378 Tunc
588 3307 761 3378 Chrisiiani
779 3306 874 3380 valde
888 3311 1064 3380 timuerunt
1082 3306 1124 3379 de
1140 3334 1280 3401 rumore,

299 3589 309 3621 ι
327 3573 354 3624 P.
370 3569 432 3623 albis
445 3571 531 3623 armis.
548 3601 583 3608 —-
600 3592 615 3623 2
628 3573 654 3622 P.
667 3569 816 3622 vetociffimo
829 3570 907 3622 cursu.
921 3599 952 3609 -
969 3588 981 3634 3
997 3571 1021 3622 Ρ.
1036 3572 1097 3622 add.
1113 3599 1148 3608 —
1160 3590 1178 3635 4
1191 3571 1228 3622 M.
1244 3587 1280 3621 re-

262 3653 409 3703 manserunt.
424 3681 456 3690 -
472 3669 483 3716 ς
498 3652 537 3703 Μ.
560 3650 697 3703 credentes.
712 3655 774 3700 -6
791 3651 830 3702 M.
844 3649 926 3702 morti.
950 3647 1022 3702 Totus
1038 3649 1119 3716 paffits
1130 3649 1235 3718 sequens
1248 3651 1282 3702 ab

261 3731 459 3802 apparatusque
469 3729 503 3782 ibi
513 3729 676 3783 nistsabulum
689 3731 751 3796 deest
759 3729 784 3782 in
794 3732 830 3792 1³,
844 3730 936 3798 quifol.
956 3749 1004 3782 tro
1014 3732 1038 3782 D
1050 3731 1076 3782 in
1088 3730 1139 3782 eius
1151 3729 1198 3782 Ioco
1209 3727 1281 3796 ogit:

263 3813 302 3862 Ea
315 3828 374 3862 veto
389 3811 429 3864 die
441 3828 528 3864 omnes
541 3809 671 3865 Christiani
683 3809 830 3862 transierunt
845 3810 938 3862 flumen
952 3809 1047 3880 ingenti
1059 3808 1153 3880 gaudio
1166 3810 1189 3860 tr
1203 3807 1282 3860 letitia

261 3889 428 3942 laudantes&
441 3889 616 3942 benedicentes
629 3889 782 3954 Dominum,-
795 3889 911 3940 omnibus
921 3889 967 3940 suit
980 3899 1067 3940 notum
1080 3891 1103 3940 δι
1119 3888 1282 3940 manifestum.

264 3971 303 4021 Ea
315 3981 401 4022 autem
412 3970 453 4022 die
467 3969 597 4022 Cirtiiiitni
613 3976 674 4021 cunt
685 3969 794 4037 Paganis
807 3971 831 4020 tc
846 3970 986 4021 sarracenis
997 3967 1139 4038 nequissime
1150 3970 1283 4038 presiatuut

265 4046 389 4117 &sugam
398 4059 511 4118 petentes
523 4065 566 4102 eos
580 4047 657 4116 tsque
669 4047 704 4098 ad
712 4046 819 4100 civitatis
829 4059 910 4116 partes
921 4047 1040 4116 persecuti
1053 4047 1159 4100 fuerunt.
1175 4051 1210 4102 Et
1223 4060 1283 4101 tunc

264 4127 395 4180 Christiani
407 4129 526 4180 Damiate
542 4127 668 4180 civitatem
689 4125 798 4195 undique
819 4127 972 4192 obsiderunt,
992 4127 1027 4179 ita
1039 4127 1107 4196 quod
1123 4127 1201 4180 nullus
1214 4127 1239 4180 in
1253 4145 1282 4180 ea

264 4205 364 4260 civitate
378 4219 476 4276 poterat
491 4209 581 4262 intrare
593 4223 639 4260 nec
651 4205 718 4260 exite
730 4205 773 4259 nisi
786 4223 828 4278 pet
843 4207 1036 4262 Christianorum
1052 4225 1148 4261 manus.
1164 4237 1196 4246 -
1210 4225 1224 4274 7
1240 4209 1280 4262 M.

265 4285 413 4346 occidendo,
