3688 5640
510 531 559 608 40
970 527 1096 580 onsrn

441 767 500 814 ωε
516 743 558 816 de
571 747 664 817 turris
677 742 822 818 eiusdem
833 745 998 844 superficie
1009 745 1077 818 visa
1088 745 1161 818 sunt
1172 741 1344 818 excussisse.
1357 745 1451 844 Qid
1461 773 1541 846 ergo

515 853 577 925 viri
593 853 717 924 virtutis
736 857 883 950 agerent!
909 853 994 923 Miro
1011 853 1146 950 ingenio
1164 851 1356 950 magnisque
1377 851 1542 925 laboribus

418 1007 423 1020 ·
514 960 549 1029 ἃ
574 955 717 1056 expensis
745 958 828 1030 scale
855 957 920 1030 due
943 957 1037 1054 super
1061 983 1170 1050 naves,
1198 983 1279 1054 quas
1303 960 1408 1030 verius
1424 985 1543 1058 pontes

514 1063 751 1162 nuncupandas
768 1065 897 1156 censeo,
922 1063 1148 1157 extenduntur,
1170 1064 1225 1138 sed
1249 1069 1331 1139 heu!
1357 1065 1544 1137 festinantia
1557 1079 1760 1140 moraes.

514 1173 721 1269 precipitavit
746 1197 849 1268 opus3
878 1197 968 1264 nam,
994 1197 1070 1244 cum
1095 1171 1139 1243 ad
1164 1174 1277 1244 turrim
1304 1175 1370 1244 iam
1388 1172 1543 1270 applicari

516 1276 708 1366 debuissent,
734 1279 825 1350 statu·
847 1279 919 1350 sunt
940 1278 1029 1369 mali,
1053 1280 1169 1350 milites
1195 1305 1330 1376 quoque
1356 1282 1391 1350 &
1418 1277 1544 1350 nobiles

515 1385 655 1476 sarianti,
682 1411 702 1456 a
724 1383 873 1481 predidlo
898 1410 1002 1482 ponte
1025 1383 1189 1477 cadentes,
1217 1412 1279 1484 pro
1309 1385 1405 1457 nobis
1431 1385 1544 1456 melius

515 1491 691 1588 pugnaturi
706 1491 812 1562 celesti
825 1492 912 1562 curie
924 1517 983 1588 per
999 1491 1190 1583 martyrium
1206 1492 1279 1562 sunt
1295 1488 1405 1563 oblati.
1424 1493 1464 1562 lix
1480 1491 1545 1561 boc

516 1597 604 1668 fatto
617 1598 793 1687 Sarraceni,
806 1598 841 1668 in
857 1600 932 1668 Deo
950 1598 1007 1668 suo
1025 1597 1216 1670 Mahumeth
1233 1599 1380 1692 animati,
1397 1623 1545 1697 pugnam

518 1702 613 1774 nobis
630 1701 849 1775 minabantur.

565 1813 586 1883 E
611 1837 726 1884 contra
744 1814 921 1909 templarii,
947 1815 982 1884 in
1007 1815 1104 1884 armis
1120 1815 1336 1910 imperterriti,
1366 1815 1546 1910 militesque

517 1919 714 2017 hospitalarij
740 1947 817 1992 cum
840 1921 1018 2018 peregrinis
1042 1923 1076 1990 in
1103 1923 1274 1993 occursum
1295 1923 1340 1994 eis
1356 1925 1491 1995 veniunt
1512 1925 1547 1992 δι

519 2029 701 2119 inveniunt,
728 2025 784 2098 sed
809 2026 852 2098 ad
880 2029 1023 2124 primum
1040 2025 1248 2125 congressum
1270 2027 1326 2120 filij
1350 2028 1546 2126 perditionis

521 2157 611 2233 terga
623 2158 752 2206 vertunt
765 2133 905 2232 inglorii,
922 2133 1085 2230 quosdam
1098 2157 1208 2205 tamen
1222 2133 1348 2218 nobiles
1366 2136 1465 2207 nostri
1477 2135 1547 2206 reli-

521 2265 660 2337 querunt
672 2241 807 2312 occisos.
826 2239 955 2312 Deinde
968 2238 1168 2337 blasphemia
1184 2239 1336 2334 cessante,
1353 2268 1454 2338 quam
1471 2268 1547 2313 cum

521 2349 582 2418 suis
595 2345 852 2444 predicatoribus
859 2347 1040 2444 patriarcha
1053 2349 1266 2444 compescuit,
1283 2347 1325 2420 ad
1338 2375 1442 2422 novas
1451 2351 1547 2420 struc-

522 2479 621 2544 tutas,
629 2452 789 2552 prioribus
801 2455 965 2544 forciores,
972 2455 1131 2526 reversum
1142 2455 1193 2526 est.
1202 2455 1400 2526 Theutonici
1408 2454 1548 2554 ergo,ad

523 2562 635 2632 omnia
647 2559 887 2658 promptislimi,
903 2563 937 2632 &
950 2561 1089 2631 srisones
1106 2560 1236 2631 hortatu
1257 2563 1400 2660 magistri
1413 2563 1548 2651 Oliverij

523 2665 730 2740 Coloniensts
747 2669 902 2739 scolastici
918 2693 956 2738 ex
982 2669 1069 2764 puris
1088 2667 1300 2759 eleemosynis
1317 2667 1400 2739 duos
1419 2691 1548 2764 emptos

523 2798 693 2872 coggones
715 2774 867 2847 subtiliter
884 2776 1133 2864 coniunxerunt,
1155 2775 1189 2844 in
1210 2772 1327 2869 quibus
1344 2776 1438 2872 super
1457 2793 1549 2870 quat·

523 2905 598 2952 tuor
615 2882 719 2952 masos
733 2907 870 2978 pontem
885 2884 920 2952 &
935 2880 1221 2978 propugnaculum
1235 2883 1319 2952 miro
1332 2881 1468 2953 artificio
1487 2880 1549 2952 dis·

524 3012 694 3084 ponentes,
702 2988 786 3084 ipsas
798 2989 902 3058 eciam
915 3013 1013 3059 naves
1027 3013 1140 3059 contra
1152 2989 1266 3085 ignem
1280 2990 1314 3058 ἃ
1327 2988 1550 3059 machinarum
1564 3005 1605 3065 V„
1616 3003 1655 3052 ts
1664 3015 1726 3064 vae.
1737 3018 1758 3052 1.
1811 3035 1812 3040 η

523 3093 648 3191 lapides
658 3096 853 3188 munierunt,
864 3094 1099 3192 completoque
1112 3096 1179 3166 iam
1191 3119 1302 3190 opere,
1319 3095 1406 3167 mille
1419 3095 1549 3166 sexcen-
1565 3117 1600 3175 u,
1612 3130 1698 3180 μιᾳ,
1713 3133 1732 3162 0.
1746 3132 1766 3162 ι.
1811 3103 1812 3182 ,

525 3225 631 3273 tarum
651 3227 834 3274 marcarum
852 3203 887 3274 in
904 3203 970 3272 eius
988 3201 1218 3298 complecione
1238 3203 1377 3274 exerevit
1393 3200 1548 3273 debitum.

526 3307 579 3380 Ad
598 3334 737 3404 quarum
763 3307 1025 3405 persolucionem
1046 3321 1054 3353 ¹
1073 3305 1278 3379 samostsfime
1298 3308 1445 3380 Colonie
1474 3310 1551 3382 civis

526 3415 687 3488 Henricus
704 3413 745 3486 de
763 3414 933 3491 Hemothe
950 3413 1140 3509 quindecim
1156 3439 1281 3486 marcas
1301 3416 1368 3486 auri
1386 3412 1552 3486 &decem

525 3523 651 3620 argenti
670 3521 819 3612 contulit,
840 3523 982 3617 quinon
1004 3519 1107 3617 longe
1131 3520 1214 3616 poll,
1232 3519 1422 3617 centuplum
1444 3545 1553 3618 recep·

528 3653 626 3718 turus,
644 3629 746 3700 vitam
762 3630 796 3698 in
811 3627 960 3697 Domino
982 3626 1117 3697 feliciter
1133 3625 1383 3698 consummavit.
1405 3628 1554 3699 Similiter
1630 3640 1633 3647 '

526 3733 588 3806 slos
605 3733 802 3824 Theutonie,
823 3731 857 3804 id
874 3733 919 3804 est
934 3757 1045 3803 comes
1065 3733 1204 3804 Adulsus
1219 3731 1261 3804 de
1278 3733 1389 3831 berge,
1418 3735 1553 3804 stanco-

527 3867 600 3912 mm
617 3842 768 3912 omnium
789 3863 889 3937 caput
909 3843 944 3910 δι
960 3839 1135 3931 frisonum,
1156 3841 1297 3911 incuius
1315 3836 1449 3910 consilio
1467 3863 1553 3910 totus

527 3950 618 4046 spem
640 3947 731 4019 suam
752 3942 900 4044 ponebat
920 3946 1086 4038 exercitus,
1108 3944 1194 4016 felici
1213 3943 1278 4015 sine
1300 3941 1440 4036 decessit,
1466 3947 1554 4016 cuius

528 4051 597 4126 olla
627 4053 716 4150 apud
744 4052 900 4150 hospitale
931 4051 1213 4124 Theutonicorum
1234 4049 1457 4124 venerabiliter
1484 4051 1555 4124 sunt

567 4229 577 4263 t
598 4213 672 4264 Locus
687 4211 826 4280 perversus
849 4211 966 4276 videtum
990 4211 1018 4264 B.
1081 4220 1149 4276 ωιτη
1164 4211 1191 4261 V.
1205 4209 1298 4262 omittit,

529 4291 604 4346 labet
628 4291 654 4342 ἐκ
677 4289 790 4359 margine
818 4289 925 4343 excrevit
949 4287 1019 4342 debi-
