3694 5626
573 431 639 530 156
818 447 928 502 mutu
946 447 1098 501 uuuuun
1115 445 1340 500 cunni-tnui

496 667 597 747 1219&
614 671 744 736 manebit
760 673 810 735 ln’c
825 673 861 735 in
874 669 1023 735 eternum!
1044 663 1126 760 Quo
1145 660 1270 752 audito,
1290 659 1441 734 soldanus
1459 664 1493 732 &
1505 661 1592 733 Cor-

566 770 696 842 radinus
713 795 921 842 cucurrerunt
941 767 984 840 ad
1001 768 1145 860 califum,
1163 769 1256 838 suum
1268 792 1403 864 papam,
1431 765 1591 838 dicentes:

567 884 709 964 Domine,
748 904 833 970 cepta
861 885 899 968 est
933 881 1092 962 Dumium,
1124 901 1156 944 ut
1185 878 1352 945 credimus!
1389 874 1459 970 Qui
1488 871 1594 942 statim

557 984 703 1076 proiecit
719 983 841 1078 pileum
858 983 920 1054 five
936 1007 1097 1054 coronam
1114 983 1205 1052 suam
1220 984 1255 1052 in
1271 1005 1392 1052 terram
1408 981 1443 1049 &
1459 977 1593 1050 concul-

566 1112 642 1156 cans
668 1113 742 1158 eam
763 1115 840 1160 cum
856 1088 1055 1184 blasphemia
1072 1087 1136 1158 Dei
1153 1089 1199 1158 sui
1217 1085 1311 1158 dixit:
1332 1089 1401 1156 Heu
1417 1113 1474 1175 me,
1491 1111 1592 1154 eamus

567 1220 667 1263 omnes
684 1195 891 1266 &moriamur
907 1207 971 1265 cum
989 1197 1081 1264 illis!

614 1299 758 1371 XXXlV.
778 1301 812 1371 Et
829 1301 988 1373 veiterunt
1004 1325 1079 1370 cum
1098 1289 1322 1395 mangenellis,
1352 1323 1451 1370 manu
1469 1321 1593 1367 armata

566 1403 720 1476 fossatum
734 1407 878 1477 nostrum
892 1432 969 1478 cum
982 1409 1122 1476 maxima
1136 1407 1168 1475 vi
1181 1407 1390 1490 intraverunt,
1406 1426 1592 1500 gravatum·
1628 1419 1630 1429 ’

566 1537 630 1608 que
647 1513 692 1582 est
709 1514 857 1608 prelium,
884 1517 918 1584 δι
935 1513 1029 1584 multi
1055 1511 1096 1582 de
1121 1511 1235 1582 nostris
1262 1507 1357 1580 occifi
1379 1513 1414 1580 ἃ
1435 1509 1593 1580 vulnerati

567 1620 639 1688 sunt
664 1621 697 1688 in
723 1618 774 1690 die
798 1619 864 1709 illa,
889 1617 930 1688 de
954 1618 1133 1690 Sarracenis
1160 1640 1294 1711 quoque
1318 1617 1401 1686 inter
1428 1640 1533 1711 equos
1557 1615 1592 1684 δι

567 1727 690 1821 equites
710 1725 776 1795 fere
793 1724 861 1794 duo
880 1724 968 1794 milia
986 1724 1106 1794 mortui
1123 1722 1261 1794 fuerunt.

655 1939 706 2004 Ue
722 1959 827 2025 quarta
842 1939 1059 2028 expugnatione
1078 1933 1109 2002 ee
1126 1936 1252 2004 adventu
1269 1938 1394 2024 bostium
1414 1957 1500 2002 nono.

464 2165 552 2223 ¹11¹·31·
615 2147 748 2219 XXXV.
779 2148 882 2218 Prima
910 2146 963 2219 die
991 2147 1143 2219 calendas
1171 2147 1306 2245 Augusti
1336 2149 1463 2219 summo
1495 2174 1592 2219 mane

567 2255 740 2330 Christiani
757 2257 874 2326 iterum
898 2252 1069 2325 trahebant
1093 2254 1232 2324 cocchas
1258 2279 1333 2325 cum
1348 2255 1432 2326 scala
1456 2282 1516 2352 per
1531 2253 1590 2324 flu·

567 2387 643 2433 men
667 2386 742 2431 ante
768 2361 876 2431 menia
902 2359 1049 2430 civitatis.
1080 2361 1172 2432 Scala
1194 2361 1379 2431 Pisanorum
1403 2361 1507 2456 prima
1534 2361 1592 2430 fiuit
1605 2377 1710 2424 tuoe

566 2466 609 2538 ad
628 2492 739 2537 muros
757 2464 870 2560 postte,
889 2491 953 2560 que
977 2467 1043 2536 cito
1061 2467 1127 2536 fere
1145 2489 1215 2536 tota
1232 2465 1294 2536 fuit
1312 2465 1491 2538 combusta.
1519 2468 1591 2538 Hos

566 2595 676 2640 autem
701 2569 846 2643 videntes
873 2571 997 2644 nostros
1025 2573 1069 2642 ita
1094 2573 1307 2657 concremari,
1335 2563 1430 2643 ualde
1456 2573 1591 2671 plange-

566 2675 690 2748 bamus.
714 2677 808 2747 Tunc
828 2679 995 2749 Sarraceni
1017 2675 1221 2749 adduxerunt
1248 2675 1401 2748 barbotas
1425 2681 1460 2748 ἃ
1484 2679 1592 2776 galeas

564 2808 701 2852 armatas
717 2808 776 2878 per
789 2781 921 2854 flumen.
940 2784 1055 2855 Nostre
1069 2807 1178 2854 autem
1191 2784 1284 2880 galee
1303 2809 1371 2854 non
1389 2809 1481 2855 erant
1499 2787 1593 2881 supra

565 2890 709 2960 nostrum
721 2913 870 2985 pontem,
888 2893 922 2960 δι
936 2916 1000 2961 una
1015 2890 1074 2960 fuit
1086 2887 1128 2960 ab
1146 2892 1189 2960 eis
1208 2888 1387 2980 combusta,
1404 2891 1592 2962 noluerunt·

565 3021 629 3089 que
647 2997 745 3066 etiam
759 3020 898 3092 pontem
917 2998 1060 3066 nostrum
1075 3020 1296 3086 concremare,
1316 2993 1360 3066 ob
1378 2998 1468 3068 cuius
1481 2995 1591 3070 defen-

564 3099 687 3171 sionem
701 3102 829 3196 plurimi
844 3101 884 3172 de
898 3102 1011 3172 nostris
1021 3102 1092 3171 sunt
1104 3101 1271 3172 vulnerati.
1288 3107 1319 3172 ln
1334 3101 1468 3174 meridie
1482 3127 1591 3175 autem

565 3207 667 3304 polita
685 3209 729 3280 est
746 3210 808 3280 alia
821 3209 904 3280 l'cala
921 3209 1014 3306 supra
1027 3235 1157 3280 murum
1171 3211 1320 3295 civitatis,
1337 3214 1372 3282 &
1389 3236 1466 3280 cum
1481 3207 1592 3280 debuit

564 3317 722 3404 reclinari,
737 3316 835 3386 frasta
854 3317 906 3387 est.
926 3321 1004 3387 item
1017 3319 1105 3388 venit
1122 3317 1184 3388 alia
1201 3317 1285 3388 scala
1303 3315 1504 3389 lanuenstum
1522 3315 1591 3386 des-

566 3421 708 3494 cendens
731 3423 824 3518 supra
842 3449 983 3493 mutum.
1011 3424 1107 3494 Tunc
1128 3422 1244 3521 gladiis
1261 3449 1409 3521 pugnare
1426 3447 1592 3520 ceperunt,

566 3531 611 3600 ita
628 3527 719 3624 quod
737 3528 912 3625 lapides&
930 3529 1036 3600 iacula
1060 3531 1092 3602 in
1110 3531 1273 3602 civitatem
1289 3530 1592 3628 proiiciebantur&

567 3635 686 3706 multos
700 3634 914 3706 vulnerabant
926 3637 960 3705 ἀ
973 3633 1216 3708 interficiebant.
1231 3638 1349 3734 Pagani
1362 3662 1473 3708 autem
1485 3639 1592 3707 immi·

568 3741 673 3812 serunt
683 3742 776 3838 super
789 3741 907 3811 scalam
919 3743 1031 3838 ignem
1044 3769 1184 3839 eamque
1197 3739 1451 3814 combulletunt.
1463 3745 1507 3814 At
1520 3767 1592 3832 nos,

568 3849 624 3942 qui
641 3875 766 3938 eremus
785 3852 927 3940 interra,
953 3849 1013 3919 hec
1030 3848 1188 3940 videntes,
1210 3847 1299 3920 flexis
1316 3848 1464 3946 genibus,
1482 3852 1592 3921 Deum

568 3953 732 4049 deprecati
751 3957 856 4026 sumus
873 3955 1034 4028 dicentes:
1055 3963 1186 4026 Domine
1209 3960 1293 4050 lilesu
1312 3960 1438 4048 Christe,
1458 3963 1510 4048 pul
1527 3961 1592 4026 ‘suu

569 4065 777 4155 misericordia
794 4067 931 4132 mundum
944 4069 1046 4154 venisti
1058 4069 1202 4134 redimere
1217 4065 1247 4132 ee
1262 4067 1299 4133 de
1313 4089 1396 4133 utero
1411 4066 1504 4132 Beate
1523 4068 1591 4133 Vie-

569 4175 654 4260 ginis
677 4195 792 4238 curnem
807 4172 926 4260 voluisti
945 4177 1078 4263 accipere
1095 4177 1251 4240 lemanem
1269 4169 1381 4262 &pati
1396 4173 1541 4264 dignutus
1559 4195 1591 4238 es
