3694 5626
598 469 649 522 us
672 469 830 522 rrnvnus
854 469 1055 524 rnrsouurt.
1271 452 1317 550 69

290 691 388 788 igitur
405 691 438 761 in
456 689 522 760 hoc
546 688 832 779 consentientibus,
859 689 927 787 ipse
950 691 1079 760 senator
1095 691 1248 762 vexillum
1264 693 1316 763 in·
1348 714 1406 760 ms

290 794 380 894 stgne
396 797 430 866 in
447 792 574 893 fignum
588 796 753 892 potestatis
770 799 805 866 δι
822 795 959 884 dominii
978 797 1110 892 propria
1124 821 1225 870 manu
1241 823 1317 895 por-

290 905 379 994 rexit,
393 900 545 973 omnibus
555 900 894 994 Latinisfideastrittis,
908 928 943 973 ut
954 904 987 974 in
1001 901 1154 975 omnibus
1169 905 1317 1002 negociis

289 1011 429 1106 pacis&
447 1007 521 1080 belli
532 1005 628 1078 nobis
646 1033 804 1104 tanquam
821 1007 964 1105 patribus
985 1007 1164 1082 obedirent.
1183 1011 1316 1107 Nosque

290 1114 509 1212 respondendi
533 1139 682 1211 tempore
707 1139 845 1212 accepto
870 1115 1109 1211 qualescunque
1138 1117 1317 1215 gratiarum

288 1223 431 1294 asliones
454 1219 527 1318 ipfis
544 1221 721 1312 retulimus,
743 1220 785 1293 de
802 1220 966 1293 beneficiis
983 1223 1126 1318 acceptis
1144 1225 1317 1320 &pietate

289 1354 366 1428 erga
394 1354 454 1400 nos
480 1329 580 1423 usque
607 1329 642 1398 in
671 1327 774 1400 linem
803 1329 937 1421 servata,
968 1355 1071 1426 quam
1101 1331 1317 1426 equanimiter

252 1447 255 1451 ’
287 1437 430 1508 nemoris
456 1435 504 1506 sui
527 1432 727 1526 incisionem,
760 1435 821 1505 suis
845 1437 980 1508 vetitam
1006 1434 1140 1528 civibus,
1169 1463 1189 1508 a
1219 1435 1316 1508 nobis

287 1539 491 1634 tolerassent3
521 1568 620 1639 quarn
638 1545 691 1639 pie
708 1567 769 1612 nos
786 1543 820 1614 in
846 1543 906 1613 sitis
923 1543 1085 1639 hospiciis,
1112 1568 1213 1638 quam
1235 1543 1316 1616 fide-

286 1651 357 1722 liter
372 1651 407 1721 in
424 1649 629 1721 commerciis
650 1647 855 1740 traslassent3
884 1676 983 1745 quam
1007 1651 1150 1720 humane
1168 1648 1315 1720 infirmos

286 1757 412 1829 noslros
429 1752 613 1846 vificassent,
631 1753 786 1851 quicquid
800 1755 852 1827 vel
870 1755 941 1826 usirs
958 1757 1144 1827 communis
1163 1755 1215 1828 vel
1228 1755 1310 1850 peri-

287 1863 335 1934 cia
346 1859 588 1960 phificorumin
602 1860 784 1933 remedium
797 1859 989 1932 morborum
1006 1860 1183 1952 adinvenit,
1203 1861 1313 1932 secum

276 1967 453 2039 afferentes
467 1969 501 2037 ὅ(
515 1993 613 2063 prout
625 1969 744 2062 cuique
757 1992 840 2062 opus
854 1992 922 2038 erat
935 1967 1177 2064 impertientem
1191 1989 1315 2062 quanta

287 2077 405 2171 pietate
421 2071 568 2144 infirmos
586 2074 711 2145 nostros
730 2096 765 2143 ut
776 2073 861 2144 filios
880 2074 950 2144 suos
963 2071 1194 2171 deplorassent,
1211 2071 1314 2168 sepul-

286 2180 362 2251 chra
381 2205 498 2251 eorum
515 2205 549 2250 ur
565 2179 751 2250 l'anslorum
768 2205 957 2252 venerantes
974 2182 1140 2252 &celera
1166 2182 1224 2250 Pro
1243 2179 1313 2275 qui·

285 2285 343 2358 bus
371 2283 524 2356 omnibus
549 2285 647 2356 nostri
673 2284 792 2356 laboris
822 2287 1031 2384 participium
1052 2288 1216 2358 &Deum
1239 2282 1312 2382 ipsrs

283 2389 509 2464 retributorem
533 2393 774 2481 constituentes,
804 2418 873 2466 non
904 2390 968 2464 stne
999 2392 1139 2464 lacrimis
1168 2391 1210 2464 ab
1225 2389 1311 2487 'ipsis

284 2497 383 2591 divifi,
406 2500 440 2568 in
465 2497 518 2569 die
535 2500 807 2570 Annunciationis
835 2498 1001 2570 dominice
1024 2498 1096 2570 vela
1120 2499 1310 2589 levavimus,
1323 2525 1438 2588 Marta,

284 2609 318 2678 ἃ
338 2633 398 2704 per
415 2605 502 2676 diem
520 2608 555 2676 &
570 2610 704 2676 nossem
721 2605 875 2702 prospere
893 2608 1095 2704 navigantes,
1112 2608 1216 2678 ventis
1233 2631 1312 2676 con-

284 2715 384 2786 trariis
401 2714 434 2784 in
450 2738 583 2808 portum
600 2713 724 2783 Veteris
736 2713 886 2784 Civitatis
904 2713 1010 2782 sumus
1032 2714 1159 2784 revecli.
1187 2715 1218 2782 Α
1242 2739 1310 2808 quo

284 2820 404 2892 eodem
421 2817 474 2890 die
490 2819 570 2888 seria
586 2819 683 2890 tercia
699 2816 896 2909 recedentes,
913 2819 991 2890 velis
1008 2819 1163 2913 aquilone
1180 2843 1308 2890 tumen·
1321 2825 1388 2874 Mart.
1400 2841 1437 2885 27·

283 2927 377 3018 tibus,
398 2925 500 2996 hostia
515 2922 678 3014 Tiberina,
702 2925 874 3022 Tagetam,
891 2926 993 3016 Baias,
1019 2925 1206 3021 Neapolim,
1225 2927 1308 2998 Prin·

282 3039 439 3132 siparum,
452 3030 617 3129 Apuliam,
630 3029 828 3121 Calabriam,
837 3031 989 3122 Siciliam,
999 3057 1067 3128 quo
1078 3029 1305 3122 tendebamus,

281 3141 498 3236 relinquentes
515 3138 557 3210 ad
574 3139 692 3228 levam,
709 3139 798 3210 sexto
816 3137 952 3210 tandem
969 3137 1031 3230 die,
1058 3138 1137 3208 feria
1154 3139 1306 3232 secunda,
1319 3155 1364 3217 Ar·
1375 3169 1397 3201 2·

281 3243 425 3340 pluribus
450 3244 619 3344 defatigati
643 3246 789 3342 periculis
805 3272 844 3316 ex
859 3245 1027 3340 impericia
1044 3243 1187 3316 dusloris
1204 3247 1237 3316 in
1256 3247 1306 3316 in-

281 3353 393 3440 sulam,
419 3380 483 3448 que
506 3352 622 3424 dicitur
637 3353 827 3449 Lampeosa,
854 3350 937 3422 duce
957 3351 1086 3422 Christo
1105 3350 1306 3444 devenimus,

280 3457 463 3530 aBarbaria
486 3461 723 3556 quinquaginta
747 3457 923 3530 miliaribus
949 3455 1127 3528 distantem.
1155 3455 1220 3530 Ubi
1236 3484 1305 3529 cur·

197 3604 216 3634 e
229 3597 266 3648 35.
280 3566 377 3637 serios
402 3567 568 3640 lanuenses
598 3567 631 3636 in
656 3565 750 3663 galea
777 3591 842 3635 una
865 3565 997 3636 feliciter
1013 3564 1205 3653 invenimus,
1237 3566 1304 3661 qui,

280 3672 457 3770 depredata
468 3672 616 3744 Barbaria
628 3674 662 3744 &
675 3673 777 3768 captis
790 3673 982 3762 Sarracenis,
997 3670 1185 3766 tempestate
1198 3674 1306 3743 coasli

278 3778 343 3850 illic
356 3782 390 3851 in
406 3805 504 3877 portu
523 3780 655 3877 recepti,
673 3779 780 3849 socios
801 3778 869 3848 ase
887 3775 1005 3849 divisos
1024 3773 1250 3874 expeslabant.
1274 3780 1305 3850 Α

279 3883 394 3982 quibus
418 3885 460 3958 de
478 3913 599 3984 errore!
613 3886 723 3956 nostro
746 3887 781 3955 δι
807 3881 1041 3956 inminentibus
1065 3883 1213 3980 periculis
1241 3886 1304 3956 sus·

276 3992 420 4064 sicienter
443 3993 598 4084 instrusli,
627 4015 741 4088 quarta
759 3991 837 4062 seria
859 3991 965 4062 versus
982 3989 1125 4061 Siciliam
1155 3992 1303 4061 trecentis
1316 4008 1395 4069 ΑΜ.

276 4097 452 4171 miliaribus
477 4126 497 4170 a
526 4123 619 4196 tergo
646 4099 789 4169 resistam
815 4121 929 4193 proras
956 4093 1137 4168 direximus.
1167 4095 1303 4168 Emensis

276 4207 374 4311 igitur
399 4228 465 4284 120
483 4202 659 4282 miliaribus
675 4203 834 4283 Maltham
849 4203 987 4282 insulam
1004 4201 1212 4298 devenimus3
1238 4229 1304 4305 qua
