3694 5626
579 554 627 650 98
1032 563 1159 619 Gesta

509 803 648 871 1219tes¹
662 789 846 879 Christiani,
864 787 956 885 quod
974 787 1103 859 fortuna
1120 783 1288 858 invidebat
1303 787 1359 878 eis,
1377 781 1464 880 quafi
1484 785 1604 857 mortui

580 897 726 993 prostrati
748 899 782 965 in
808 922 925 966 tertam
948 897 982 964 ὃ(
1006 891 1140 965 flumine
1161 894 1401 986 lachrymarum
1427 919 1496 964 non
1525 889 1603 964 defi-

578 1005 698 1074 cientes
723 998 909 1074 ciamabant
934 999 1096 1072 dicentes:
1131 1007 1261 1071 Domine
1285 1005 1369 1095 ihesu
1396 1004 1523 1093 Christe,
1553 1027 1604 1070 ree

576 1107 754 1204 glorie,'qui
766 1136 798 1178 es
804 1135 913 1202 potens
925 1114 957 1178 in
971 1112 1115 1198 omnibus,
1129 1110 1352 1200 adiuvaservos
1368 1105 1449 1178 Tuos
1463 1109 1494 1177 δ’
1508 1109 1602 1176 libera

576 1243 630 1286 nos
646 1219 682 1284 ab
700 1217 757 1284 iiia
767 1220 918 1306 flamma²
937 1215 968 1283 fe
993 1245 1011 1284 a
1029 1218 1164 1285 manibus
1181 1219 1349 1306 iniquorum
1372 1218 1601 1284 sarracenorum
1615 1228 1640 1274 P·
1652 1226 1669 1274 t.
1680 1242 1726 1275 1¹2
1738 1228 1767 1274 D·
1830 1233 1831 1238 ’

569 1349 628 1416 per
649 1325 744 1392 Tuam
758 1321 973 1414 sanciiffimam
997 1327 1146 1406 uirtutem,
1168 1345 1285 1390 creator
1308 1322 1367 1390 celi
1389 1321 1526 1408 deterre,
1550 1326 1602 1411 qui

576 1435 650 1498 vivit
669 1428 699 1496 de
716 1453 821 1521 regnat
839 1433 870 1496 in
877 1428 984 1520 secula
999 1428 1170 1520 seculorum
1183 1431 1197 1496 i
1214 1432 1323 1496 odmen.
1348 1432 1481 1497 Domine
1493 1440 1505 1486 ³
1517 1430 1601 1520 Iltesu

578 1538 705 1625 Christe,
731 1539 783 1624 qui
794 1559 853 1625 pro
871 1535 955 1602 nobis
972 1537 1128 1602 humanam
1147 1559 1263 1602 carnem
1281 1535 1462 1627 affnmpfifli,
1480 1557 1602 1602 mortem

577 1641 608 1709 fe
619 1641 781 1735 paffionem
798 1639 1021 1732 subtinuifli&
1045 1641 1096 1708 die
1119 1644 1209 1706 tertia
1228 1642 1411 1732 resurrexisti
1436 1639 1467 1708 fe
1485 1645 1553 1732 post
1570 1639 1603 1707 xi

576 1751 642 1816 dies
659 1749 752 1817 celum
776 1749 943 1838 ascendisti,
965 1775 1000 1816 ne
1020 1749 1166 1839 respicias
1187 1750 1228 1815 ad
1238 1773 1364 1841 peccata
1385 1746 1416 1814 fe
1434 1747 1602 1839 adseelera

578 1860 686 1945 mosim,
695 1854 756 1945 sed
773 1855 901 1940 attende,
921 1877 1054 1944 proquo
1074 1856 1122 1920 iric
1130 1853 1238 1943 sumus
1261 1857 1447 1946 congregati.
1474 1854 1601 1923 vidium

578 1985 643 2046 nos,
670 1961 794 2049 Christe,
817 1963 889 2047 quia
892 1964 971 2052 ficut
976 1957 1080 2051 palme
1094 1983 1152 2050 per
1159 1959 1199 2050 se
1219 1983 1276 2027 non
1288 1959 1602 2051 poffuntferrefrue-

575 2090 648 2154 tum,
674 2070 728 2155 nist
746 2066 908 2155 manserint
925 2069 955 2132 in
970 2069 1031 2132 vite
1048 2059 1188 2152 (loetum,
1207 2081 1268 2153 XV,
1285 2066 1337 2158 4),
1363 2068 1474 2132 itanos
1495 2065 1602 2158 absque

575 2174 641 2239 Dei
658 2169 774 2238 auxilio
790 2194 902 2237 certare
914 2175 1078 2260 nequimus,
1101 2168 1214 2260 &quia
1228 2176 1307 2264 ficut
1327 2196 1396 2240 aves
1420 2175 1497 2239 inter
1514 2170 1601 2262 lupos

573 2283 633 2366 fine
644 2281 760 2368 ptrjiore
774 2279 1001 2368 contremiscunt
1015 2272 1074 2361 (cf.
1091 2278 1214 2362 ioann,
1226 2294 1263 2363 X,
1284 2278 1353 2368 12),
1371 2281 1414 2345 ita
1425 2302 1509 2345 noso
1523 2278 1601 2346 Tur-

575 2386 618 2449 cis
636 2385 804 2451 conturbati
816 2390 882 2478 fine
903 2389 994 2473 vestm
1013 2385 1167 2452 adiutorio
1196 2407 1247 2450 eos
1267 2385 1406 2474 infestare
1430 2384 1601 2477 nonpoffu·
1833 2379 1834 2452 i

574 2514 649 2556 mus.
682 2487 787 2557 Finitis
809 2485 973 2577 omnibus,
990 2499 1007 2546 4
1026 2485 1192 2558 ianuenl'es
1214 2487 1330 2558 virtute
1352 2487 1489 2560 Domini
1502 2489 1599 2559 nostri
1612 2505 1715 2568 ως
1729 2509 1760 2552 a.

576 2591 663 2663 ihesu
682 2592 799 2663 Christi
818 2592 972 2666 Crucifixi
990 2619 1009 2664 a
1025 2591 1170 2690 predicia
1185 2617 1270 2664 tutte
1287 2591 1492 2691 indempnes,
1510 2595 1599 2666 scalis

573 2698 641 2770 sete
651 2695 803 2770 omnibus
817 2699 943 2792 relictis,
958 2696 1149 2770 secefferunt
1160 2701 1205 2789 &‚
1219 2698 1300 2769 dum
1311 2698 1372 2770 hec
1379 2724 1562 2798 agerentur,
1575 2713 1588 2761 ⁵

576 2805 694 2902 Pagani
711 2807 746 2876 &
761 2805 926 2877 Sarraceni
942 2831 1018 2876 cum
1035 2805 1134 2902 galeis
1151 2807 1186 2875 &
1203 2801 1328 2876 bacchis
1342 2831 1400 2902 pet
1415 2803 1538 2878 flumen
1555 2804 1599 2878 ad

575 2915 738 3006 pontem⁶
754 2910 1011 2982 Christianorum
1028 2909 1286 3008 expugnandum
1301 2937 1470 3006 venerunt,
1500 2939 1599 3010 quem

576 3013 641 3086 due
670 3016 764 3114 galee
788 3015 1045 3090 Christianorum
1071 3015 1306 3108 custodiebant,
1336 3043 1436 3090 unam
1461 3045 1599 3114 quarum

575 3122 695 3218 Pagani
721 3121 976 3211 combusserunt,
996 3138 1010 3184 ⁷
1029 3123 1128 3195 altera
1154 3124 1278 3195 fortiter
1301 3148 1378 3196 cum
1401 3123 1474 3222 ipsu
1499 3150 1599 3222 enpu-

575 3229 689 3324 gnavit
704 3231 739 3300 &
756 3253 832 3298 cum
847 3229 915 3300 aliis
936 3231 1020 3322 vitis,
1040 3231 1095 3326 qui
1104 3228 1146 3300 ad
1160 3227 1412 3301 succurrendum
1424 3257 1497 3303 eam
1509 3232 1598 3304 velo·

574 3333 652 3404 citet
672 3359 831 3406 venerunt
843 3335 946 3432 ipsam
971 3359 1110 3432 pontem
1127 3333 1351 3407 defenderunt.
1369 3337 1596 3434 Prospicientec

574 3438 758 3532 Christiani,
780 3440 872 3536 quod
885 3441 1017 3514 fortuna
1033 3441 1078 3513 eis
1094 3439 1172 3514 esset
1184 3440 1327 3535 adversa,
1340 3441 1505 3516 dicebant:
1528 3448 1594 3514 Do-

573 3551 652 3616 mine
674 3551 759 3642 lneso
778 3552 903 3638 Christe,
929 3575 1044 3620 creator
1062 3552 1120 3618 celi
1136 3550 1166 3620 fe
1182 3575 1269 3640 terre,
1294 3556 1345 3619 cui
1362 3557 1462 3620 omnia
1478 3553 1595 3641 celestio

573 3652 769 3744 &terrestria
780 3655 998 3747 subiiciunmr‚
1022 3661 1074 3745 qui
1089 3681 1149 3747 pro
1170 3658 1253 3724 nobis
1270 3658 1305 3724 de
1315 3663 1459 3748 potestate
1479 3657 1596 3726 diaboii

572 3761 756 3830 redimendis
773 3766 804 3828 in
822 3763 960 3830 mundum
977 3765 1092 3852 venisti,
1110 3787 1144 3830 ne
1163 3763 1310 3854 respicias
1321 3760 1334 3806 ⁸
1347 3787 1473 3856 peccato
1489 3769 1594 3856 trajice,

610 4017 619 4050 r
638 4003 663 4054 Ρ.
673 4019 716 4054 om.
724 4001 885 4070 feriendam:
901 4003 1037 4055 Cernentes
1052 4001 1259 4068 ...clamabam
1272 4003 1365 4072 degeres:
1380 4003 1497 4057 Videntes
1509 4003 1594 4073 imque

573 4080 704 4133 Christiani
720 4081 793 4133 vaide
813 4081 952 4151 plorabant.
975 4109 1007 4122 -
1023 4103 1038 4134 2
1056 4083 1082 4134 P.
1106 4099 1150 4136 om.
1174 4111 1207 4122 -
1231 4099 1243 4148 3
1267 4084 1293 4135 Ρ.
1319 4101 1362 4136 orn.
1388 4083 1499 4137 Domine
1520 4082 1594 4152 esque

572 4175 622 4210 non
635 4158 770 4229 poffumus.
791 4189 826 4200 «-
844 4177 861 4222 4
877 4161 904 4212 P.
923 4163 981 4220 Qua
1001 4159 1114 4214 oratione
1130 4161 1204 4214 facin.
1222 4191 1258 4200 -
1274 4179 1287 4228 ς
1306 4162 1332 4215 Ρ.
1349 4164 1591 4231 gernemue—61².

571 4237 663 4291 flumen
678 4255 722 4308 pet
735 4249 839 4308 pontem
893 4252 1064 4307 pervenerunt.
1078 4269 1112 4280 -
1126 4256 1140 4302 7
1154 4241 1194 4294 M.
1208 4241 1405 4308 combuxerunu
1420 4243 1446 4295 P.
1461 4243 1592 4295 combure·

571 4326 635 4368 tunt.
649 4345 683 4356 -
697 4321 710 4368 8
726 4317 753 4370 P.
768 4317 878 4386 espicias.
