3688 5640
486 537 794 596 cnuc1onnonum
816 539 1104 595 anennoeton.
1261 543 1306 623 35

274 764 352 857 dita,
381 765 434 834 cui
464 785 519 834 rex
548 763 694 862 Ungarie
721 763 756 832 δι
786 759 852 834 dux
884 761 1010 834 Austrie
1039 760 1134 834 nudis
1169 760 1308 860 pedlbus
1339 789 1397 834 1217

275 895 483 943 occurrentes
500 868 635 940 osculati
651 867 733 960 sunt,
761 865 896 940 obviarn
918 891 1031 940 euntes
1048 867 1186 940 soldano
1201 867 1307 963 baby-

266 977 373 1064 lonie,
407 977 498 1047 cuius
528 973 612 1046 filius
641 973 840 1062 Coradinus‚
874 999 1100 1071 pugnaturum
1128 975 1160 1046 se
1191 999 1308 1046 contra

275 1081 473 1176 christianos,
490 1083 673 1152 iadlaverat.
696 1082 875 1154 Venientes
894 1082 1004 1177 itaque
1021 1081 1122 1152 nostri
1138 1079 1181 1152 ad
1200 1082 1307 1152 fontes

274 1185 433 1280 Tubanie‚
453 1185 607 1284 premissis
622 1184 893 1283 exploratoribus,
920 1185 1010 1286 figna
1027 1187 1154 1259 hostilia
1178 1211 1308 1284 cogno·

275 1317 398 1366 verunt.
412 1295 567 1390 Sequenti
580 1317 658 1364 vero
673 1290 726 1364 die
739 1317 846 1390 prope
859 1317 990 1364 montes
1003 1291 1126 1366 G'tlboe
1140 1296 1307 1364 venientes
1321 1314 1412 1373 tute

212 1475 215 1479 ,
275 1400 466 1472 Bethsanam
483 1397 715 1496 processerunt,
737 1397 794 1470 ubi
811 1399 912 1470 castra
928 1399 1041 1472 fixerat
1058 1397 1256 1472 adversarius
1273 1401 1308 1470 δι

274 1501 327 1577 ille
350 1509 447 1577 trium
472 1529 588 1603 regum
605 1507 805 1600 presenciam
829 1505 956 1604 sirgiens
978 1531 1096 1578 terram
1117 1505 1308 1580 vastandam

54 1637 92 1692 u,
104 1653 129 1696 p.
140 1647 197 1694 ης,
207 1653 227 1682 0.
239 1648 261 1680 ι.
274 1613 403 1710 reliquit
428 1612 612 1684 christianis.
643 1610 741 1684 Unde
770 1613 834 1682 Dei
863 1613 1005 1710 populus
1037 1612 1222 1703 Iordanum,
1251 1611 1309 1708 qui

274 1745 379 1816 prope
403 1719 458 1806 est,
486 1715 638 1790 transiens
659 1719 692 1788 in
715 1717 824 1813 vigilia
849 1719 991 1810 Martini,
1016 1722 1049 1790 in
1075 1721 1145 1816 ipso
1171 1717 1308 1816 pacifice
1321 1741 1423 1788 rioms.

274 1851 415 1922 corpora
437 1825 527 1896 lavit.
561 1821 817 1894 Deinde²secus
842 1851 931 1897 mate
948 1825 1077 1898 Galilee
1095 1823 1303 1924 peragtando

273 1932 359 2020 loca,
383 1933 416 2001 in
434 1928 550 2026 quibus
571 1930 719 2002 Salvator
733 1933 940 2005 conversatus
958 1933 1012 2024 est,
1030 1933 1308 2030 conspeximus&

274 2063 332 2134 per
341 2037 586 2133 capharnaum,
600 2035 747 2107 infirmos
755 2039 881 2109 nostros
894 2063 1072 2134 portantes,
1082 2040 1181 2110 nostri
1189 2039 1308 2111 Achon

273 2143 385 2216 reversi
394 2144 466 2214 sunt
484 2167 561 2214 cum
577 2143 784 2215 multitudine
796 2147 1006 2242 captivorum
1020 2144 1166 2242 &preda
1174 2171 1306 2242 magna.

273 2251 448 2347 Episcopus
461 2271 571 2321 autem
585 2247 798 2339 bobonensis,
811 2249 998 2346 predicator
1010 2249 1218 2338 dulcissimus,
1233 2277 1307 2348 par·

275 2357 510 2448 volusuinae,
528 2381 612 2451 quos
628 2357 681 2430 vel
697 2381 804 2452 prece,
823 2357 875 2428 vel
892 2359 1003 2454 precio
1023 2355 1170 2429 obtinere
1188 2359 1307 2453 potuit,

276 2462 453 2559 baptizavit
483 2467 518 2535 δι
552 2465 637 2534 inter
667 2463 835 2561 religiosos
868 2465 1034 2561 applicare
1068 2463 1234 2559 disposuit.
1271 2469 1305 2535 ln

276 2567 420 2640 secundo
444 2571 590 2664 equitatu
608 2592 741 2641 ventum
766 2569 810 2639 est
834 2567 877 2640 ad
895 2594 1044 2641 montem
1070 2567 1216 2658 Thabor,
1249 2568 1304 2642 ubi

58 2699 101 2756 v„
110 2697 126 2743 r.
135 2705 195 2756 μα,
208 2711 229 2744 c.
240 2710 260 2744 ι.
274 2673 480 2772 impuberem
493 2676 716 2765 sarracenum,
729 2677 817 2746 viam
828 2687 840 2737 ³
853 2673 948 2748 nobis
961 2676 1182 2766 nunciantem,
1200 2677 1303 2748 sacer·
1393 2731 1399 2740 .

274 2783 368 2855 dotes
402 2779 622 2878 baptizabant.
658 2781 836 2852 Dominica
860 2807 939 2854 vero
975 2779 1134 2854 adventus
1164 2783 1303 2854 Domini
1316 2781 1373 2852 oei.
1383 2819 1404 2865 ³·

273 2893 380 2984 prima
395 2888 559 2986 peregrini
571 2885 613 2958 ad
629 2883 780 2958 laborem
796 2887 868 2957 sunt
884 2887 1011 2958 inuitati
1026 2888 1061 2957 &
1079 2889 1113 2958 in
1126 2890 1234 2984 primo
1251 2888 1301 2957 in·

272 2995 353 3066 sultu
370 2996 546 3066 straverunt
562 2993 771 3065 castellanum
789 2989 1042 3066 descendentem
1059 2996 1094 3064 δι
1107 2993 1302 3066 amiraldum
1373 3033 1376 3041 ·

271 3125 373 3172 unum
390 3125 467 3172 cum
485 3099 579 3170 sociis
597 3099 668 3170 suis.
690 3096 755 3170 Sed
773 3123 843 3168 non
860 3097 1000 3170 multum
1016 3097 1063 3171 ibi
1076 3123 1242 3172 morantes
1258 3098 1301 3172 ab

270 3209 530 3305 impugnacione
556 3207 647 3277 castri
662 3203 869 3296 recesserunt,
896 3203 1067 3277 aversionis
1093 3207 1148 3278 sue
1171 3207 1301 3278 causam

271 3319 471 3412 ignorantes,
487 3312 543 3384 sed
554 3309 768 3403 credendum,
786 3313 895 3382 Deum
907 3309 962 3381 fibi
976 3312 1034 3383 soli
1049 3312 1192 3411 gloriam
1204 3313 1300 3384 reser-

269 3417 371 3511 valle,
384 3444 463 3490 nam
474 3418 532 3516 ipfi
543 3420 657 3517 postea
669 3419 835 3491 Sarraceni
847 3417 984 3488 castrum
997 3415 1182 3514 predielum
1194 3419 1299 3490 sarno·

269 3523 419 3596 fiffimurn
432 3527 572 3622 propriis
585 3523 734 3596 manibus
752 3524 965 3596 devastarunt.
981 3529 1014 3595 ln
1026 3527 1125 3596 tercio
1140 3527 1297 3620 equitatu,

270 3657 347 3702 cum
370 3631 552 3728 patriarcba
573 3634 607 3701 δι
623 3632 703 3704 sacri
720 3631 865 3726 episcopi
884 3655 954 3701 non
970 3631 1192 3722 interfuerunt,
1210 3657 1298 3702 exer·

270 3738 349 3809 citus
358 3740 497 3809 Domini
508 3737 587 3808 fines
599 3737 700 3828 'shpri
711 3740 746 3808 δι
755 3735 895 3828 Sydonis
909 3739 995 3808 iuxta
1004 3739 1171 3833 Sareptem
1185 3735 1295 3808 adivit.

270 3849 305 3916 ln
320 3845 430 3943 vigilia
446 3844 561 3916 natalis
579 3841 746 3940 [Domini]
757 3856 773 3902 4
783 3845 819 3914 dt
835 3843 981 3940 sequenti
1004 3848 1101 3914 noste
1118 3844 1295 3914 maximam
1310 3866 1365 3912 uec.
1377 3879 1415 3925 η.

270 3953 493 4048 tempestatem
518 3948 623 4047 pallus
648 3951 692 4022 est
717 3952 753 4021 dt
774 3953 924 4022 omnium
954 3949 1020 4020 fere
1044 3947 1294 4022 necessariorum

307 4249 316 4280 r
328 4231 351 4282 t'
361 4230 563 4300 prudentiam-
575 4253 589 4284 2
601 4229 763 4301 V.denique.·
847 4250 864 4294 4
876 4231 910 4282 D.
920 4227 945 4280 t'n
957 4229 1024 4282 codd.
1032 4227 1182 4298 3suppsrmus
1195 4245 1229 4281 tx
1242 4232 1293 4284 At·

270 4340 302 4352 —
318 4327 331 4380 ³
346 4311 373 4362 Β.
383 4325 448 4364 utra.
811 4306 909 4362 nasibus
925 4305 973 4360 al.
988 4323 1057 4362 max.
