3688 5640
549 503 573 578 6
948 520 1162 574 oRmuAclo

548 743 695 835 oportuit
721 740 870 812 homines
892 741 987 828 mori,
1013 737 1055 811 src
1079 736 1233 836 oppofito
1259 736 1364 810 modo
1382 762 1440 834 per
1456 739 1571 830 virum,

547 845 667 916 scilicet
684 844 805 916 shesum
821 845 996 935 Christum,
1015 849 1071 940 qui
1089 845 1131 916 de
1149 845 1294 936 muliere,
1320 844 1441 916 scilicet
1459 845 1570 936 Maria,

549 949 671 1046 absque
688 952 927 1022 coniunccione
952 952 1095 1042 masculi,
1124 949 1280 1024 debemus
1302 977 1416 1023 omnes
1434 976 1491 1048 per
1508 952 1570 1022 Dei

548 1059 693 1154 graciam
709 1059 817 1131 vivere
833 1061 868 1129 &
884 1056 1002 1130 habere
1018 1060 1120 1131 viram
1137 1081 1292 1130 eternam.
1312 1063 1413 1130 Item:
1431 1057 1504 1128 Asia
1528 1057 1572 1129 est

547 1165 658 1256 raci03
682 1191 742 1262 per
766 1166 890 1236 costam
918 1166 1049 1238 intravit
1069 1190 1172 1255 mors,
1198 1162 1286 1260 quasr
1310 1189 1369 1260 per
1390 1163 1498 1254 Evam,
1516 1191 1570 1256 que

539 1274 705 1363 sadafuir
716 1276 753 1342 de
765 1271 1175 1362 cossaodde(Genes.‚11,2r
1191 1267 1339 1366 seq.),s1c
1351 1297 1369 1341 e
1382 1271 1546 1340 contrario
1558 1281 1568 1316 ¹

547 1401 608 1472 per
623 1377 705 1448 latus
718 1379 794 1467 vita,
812 1379 889 1474 quia
904 1402 963 1479 per
978 1377 1170 1474 sanguinem
1187 1375 1316 1467 Christi,
1342 1377 1398 1471 qui
1415 1376 1513 1447 exivit
1529 1372 1571 1444 de
1583 1401 1608 1448 A
1620 1399 1636 1446 f.
1648 1400 1679 1462 5⁸
1690 1416 1712 1459 ι,
1723 1417 1742 1446 c.
1756 1414 1779 1448 ι.

546 1481 645 1554 latere
658 1485 735 1556 eius.
755 1489 832 1555 stem
846 1517 854 1555 ι
873 1484 928 1554 Per
944 1485 1115 1554 accionem
1128 1508 1226 1574 mors,
1240 1483 1317 1578 quia
1328 1507 1387 1579 per
1400 1481 1571 1552 comestio-
1585 1473 1602 1506 ⁰

547 1613 635 1679 nem,
664 1587 706 1660 fic
735 1617 753 1661 e
778 1590 941 1661 contrario
967 1615 1026 1687 per
1050 1589 1232 1685 passionem
1259 1589 1337 1677 vita,
1364 1589 1443 1684 quia
1470 1585 1570 1683 passio

547 1693 666 1766 Christi
681 1697 715 1766 in
733 1721 828 1767 cruce
844 1694 970 1766 induxit
985 1697 1096 1768 viram.

597 1805 700 1873 stem:
731 1803 785 1873 Per
811 1800 1068 1873 delectacionem
1085 1799 1158 1872 nde
1183 1803 1218 1871 ἀ
1240 1801 1302 1872 sive
1319 1801 1353 1870 in
1370 1801 1571 1875 comestione

546 1907 640 2002 pomi
657 1933 756 1996 mors,
785 1905 827 1978 sic
843 1935 862 1978 e
879 1908 1043 1978 contrario
1061 1933 1118 2002 per
1135 1905 1387 1978 amaritudinem
1403 1906 1521 1978 Christi
1536 1913 1571 1980 ὅ(

547 2013 648 2084 Marie
670 2013 705 2083 in
731 2038 826 2084 cruce
851 2015 926 2085 vita.
954 2017 1054 2084 stem:
1083 2011 1192 2084 Adam
1214 2015 1249 2083 ἃ
1270 2013 1331 2084 Eva
1350 2011 1572 2087 comedebant

547 2141 696 2212 pomum,
712 2141 746 2188 ut
758 2116 850 2190 fimus
866 2143 1012 2190 tenerent
1023 2143 1142 2216 corpus
1152 2121 1187 2189 ἃ
1203 2120 1359 2209 animam,
1377 2121 1454 2215 quia
1470 2145 1571 2218 prop-

547 2247 594 2294 ter
610 2223 676 2294 hoc
699 2223 879 2296 comedunt
902 2225 1062 2311 homines,
1084 2249 1119 2298 ut
1143 2225 1263 2296 vivant.
1285 2224 1368 2322 Ergo
1393 2250 1470 2296 curn
1489 2251 1570 2298 con-

547 2331 641 2401 traria
660 2332 826 2402 contrariis
844 2355 1004 2419 curentur,
1020 2329 1133 2402 debuit
1149 2329 1313 2402 medicina
1329 2327 1392 2402 effe
1409 2357 1467 2427 per
1483 2359 1570 2406 mor·

547 2447 643 2528 tem²‚
662 2439 738 2532 quia
750 2463 809 2534 per
822 2435 1012 2509 divisonem
1026 2439 1173 2535 corporis
1190 2441 1224 2509 dt
1237 2439 1361 2528 anime3
1379 2437 1460 2508 salus
1472 2440 1571 2536 igitur

546 2543 653 2614 nosba
670 2541 781 2614 debuit
798 2540 863 2614 esse
881 2570 939 2640 per
956 2568 1107 2614 mortem.
1135 2547 1212 2614 stem
1226 2575 1234 2614 ε
1252 2543 1340 2612 Mors
1357 2541 1571 2616 inducebatur

545 2674 604 2744 per
615 2651 720 2720 virum
730 2675 805 2720 cum
817 2674 967 2745 peccaro,
982 2675 1063 2746 ergo
1072 2650 1138 2720 vita
1151 2646 1263 2720 debuit
1275 2646 1387 2720 induci
1401 2675 1457 2745 per
1465 2652 1570 2722 virum

546 2755 731 2827 existentem
744 2753 808 2826 sine
820 2779 957 2852 peccato
970 2755 1043 2847 (ef.
1057 2756 1165 2844 Rom,
1182 2775 1218 2844 ν,
1237 2774 1293 2850 143
1307 2773 1320 2824 1
1333 2754 1495 2844 Corinth„
1507 2777 1570 2846 xv,

548 2881 604 2946 22,
618 2868 692 2958 45).
708 2860 760 2932 slse
774 2888 865 2959 ergo,
879 2887 918 2932 ex
932 2887 999 2957 quo
1013 2887 1072 2956 per
1083 2861 1190 2957 ipsum
1201 2857 1313 2931 debuit
1326 2857 1390 2930 esse
1404 2865 1569 2957 reparacio

545 2967 669 3062 generis
685 2968 830 3058 humani,
849 2993 916 3039 non
931 2969 1038 3062 potuit
1055 2965 1120 3038 esse
1133 2965 1175 3038 de
1191 2967 1351 3063 progenie
1365 2965 1438 3038 Ade
1454 2970 1488 3038 dt
1505 2965 1570 3039 esse

544 3097 642 3168 purus
659 3072 773 3160 homo,
793 3075 869 3170 quia
891 3099 1008 3144 omnes
1027 3071 1068 3144 de
1086 3074 1248 3170 progenie
1270 3071 1354 3163 nde,
1372 3073 1428 3167 qui
1442 3073 1570 3146 suerunt

545 3202 625 3274 pure
641 3179 801 3271 homines,
815 3177 1027 3251 nascebantur
1040 3203 1116 3249 cum
1129 3178 1281 3276 originali
1293 3201 1441 3276 peccato.
1457 3181 1569 3276 Opor-

546 3285 605 3356 tuit
629 3287 737 3383 igitur,
758 3287 864 3382 ipsum
885 3282 949 3356 esse
967 3287 1077 3356 Deum
1100 3288 1134 3356 dt
1155 3285 1338 3375 hominem,
1361 3287 1395 3355 dt
1413 3288 1570 3382 oportuit,

544 3391 647 3486 ipsum
664 3392 833 3462 hominem
850 3388 914 3462 esse
932 3390 972 3462 de
988 3416 1107 3488 genere
1121 3388 1204 3480 Ade,
1218 3391 1305 3486 quia,
1323 3417 1364 3462 ex
1377 3417 1445 3486 quo
1458 3390 1570 3464 Adam

545 3493 691 3592 deliquit,
709 3495 836 3570 necesse
854 3499 913 3569 fuit
930 3498 1075 3569 humano
1093 3498 1215 3595 generi,
1233 3495 1325 3592 quod
1351 3497 1402 3568 ves
1422 3498 1500 3594 ipse,
1518 3497 1571 3570 vel
1642 3503 1647 3508 “

545 3603 659 3699 aliquis
672 3601 713 3674 de
730 3605 790 3674 suis
808 3604 1000 3674 satisfaceret
1012 3629 1073 3699 pro
1091 3602 1147 3673 illo
1163 3600 1296 3692 desidio,
1315 3605 1400 3697 quia,
1419 3600 1569 3700 saliquis

544 3710 647 3780 homo
661 3735 766 3782 novus
779 3736 936 3781 crearetur
949 3736 968 3780 a
981 3711 1067 3800 Deo,
1081 3709 1138 3805 qui
1152 3707 1323 3780 redimeret
1336 3733 1439 3806 genus
1453 3710 1568 3781 huma·

545 3841 637 3904 num,
657 3841 735 3887 tunc
751 3841 820 3888 non
838 3817 1048 3887 restitueretur
1064 3840 1167 3912 genus
1196 3814 1378 3885 humanum
1401 3815 1443 3886 ad
1467 3818 1568 3912 pristi-

545 3947 623 3991 nam
640 3919 831 4012 ubertatem,
844 3923 919 4017 quia
943 3921 1069 4018 semper
1088 3945 1248 3991 teneremr
1265 3919 1408 3992 humana
1425 3947 1569 3994 creatura
1582 3952 1605 3997 n
1618 3951 1636 3998 f.
1646 3953 1706 4014 582,
1718 3969 1738 3998 e.
1749 3967 1773 4000 ι.

546 4026 575 4096 ei
589 4024 722 4098 obedire
738 4031 773 4098 δε
796 4029 924 4118 servire3
942 4027 1088 4123 oportuit
1104 4051 1196 4124 ergo,
1212 4027 1319 4122 ipsum
1331 4024 1395 4098 esse
1413 4028 1523 4100 Deum
1534 4033 1569 4101 ἃ

545 4132 716 4205 hominem
726 4132 816 4206 &de
836 4134 996 4234 progenie
1012 4131 1095 4206 Ade.

584 4330 594 4366 1
610 4313 633 4366 A
646 4327 724 4386 οπεος
738 4341 774 4352 -
786 4331 801 4366 a
813 4329 857 4386 per
870 4324 976 4368 mortem
992 4313 1054 4368 add.
1071 4313 1099 4380 B,
1111 4336 1138 4376 α.
