3694 5626
542 514 592 568 ne
618 514 1002 572 1T1u1tuuratsouun.
1141 486 1144 492 ’
1242 501 1289 594 67

263 727 413 800 nonnulli
437 753 572 823 quoque
590 728 726 826 gemino
744 729 839 800 famis
856 733 891 802 ἃ
908 729 969 801 suis
987 731 1076 802 malo
1094 733 1238 808 consedi
1255 735 1361 818 inm7

263 833 512 906 amaritudinem
530 837 638 906 anime
655 835 710 906 sue
728 860 829 932 panes
846 837 1071 926 amarissimos,
1090 863 1176 934 aqua
1193 833 1289 912 maris

262 941 433 1012 confectos
448 939 681 1014 comedebant.
703 940 843 1014 Duobus
856 968 937 1041 ergo
955 941 1067 1014 diebus
1084 945 1117 1014 in
1133 947 1288 1019 convivio

262 1045 407 1118 dulcium
427 1072 586 1142 aquarum
603 1045 762 1134 dedush's
787 1048 890 1120 ventis
907 1049 1068 1145 prosperis
1085 1053 1287 1149 navigantes,

261 1153 484 1250 Terragonam
502 1179 523 1223 a
539 1151 662 1226 finistris
677 1156 711 1223 &
728 1153 827 1224 castra
839 1153 978 1250 plurima
996 1156 1189 1251 linquentes,
1206 1159 1287 1256 vigi-

261 1259 304 1330 lia
320 1259 420 1330 sansli
435 1259 658 1330 Bartholomei
682 1259 904 1332 Barcellonam
931 1263 1091 1352 venimus,
1117 1262 1173 1336 ubi
1194 1265 1288 1336 sociis
1300 1281 1360 1341 Aue·
1371 1294 1408 1342 ²³·

261 1366 398 1437 inventis
415 1363 525 1464 gavisi,
550 1365 632 1436 laffis
648 1364 851 1462 corporibus,
869 1367 1074 1440 suadentibus
1091 1371 1194 1442 ventis
1211 1369 1288 1442 inde

242 1489 244 1494 '
262 1474 420 1569 provesti,
441 1477 519 1544 osso
537 1470 712 1544 miliaribus
729 1471 862 1546 emensis
881 1499 1014 1570 portum
1031 1475 1131 1548 sanai
1143 1475 1290 1550 feliciani

263 1580 408 1670 martyris
425 1580 459 1650 in
479 1580 640 1650 territorio
657 1579 870 1677 Catologinie
887 1583 1105 1678 contigimus,
1133 1582 1289 1654 colledis-

263 1709 326 1780 que
350 1685 454 1775 sociis,
474 1687 529 1780 qui
548 1683 594 1756 ibi
613 1685 784 1757 stationem
801 1686 956 1775 fecerant,
971 1687 1151 1758 Marciliam
1169 1713 1290 1786 prope·

262 1794 421 1884 ravimus3
438 1793 494 1865 sed
513 1791 600 1864 duris
616 1792 716 1866 boree
734 1793 861 1868 flatibus
878 1823 897 1867 a
915 1823 996 1866 terra
1013 1797 1156 1894 repulsos
1177 1823 1290 1894 portus

261 1899 361 1972 sandi
377 1899 583 1972 Mendriani¹
607 1903 755 1992 martyris
780 1927 841 1972 nos
860 1903 918 1972 suo
943 1902 1080 2001 collegit
1099 1905 1131 1974 in
1151 1906 1290 2002 gremio,

263 2031 327 2076 una
344 2004 431 2076 dieta
447 2005 565 2078 distans
583 2033 604 2078 a
621 2005 767 2078 Massilia.
790 2008 859 2104 Qui
875 2009 959 2080 inter
975 2033 1105 2082 montes
1123 2010 1289 2084 altissimos

262 2113 480 2210 complicitus,
496 2112 663 2184 Tolonam
680 2114 846 2185 civitatem
862 2113 991 2186 habeta
1004 2113 1132 2188 dextris.
1151 2117 1290 2212 Capella

263 2244 341 2290 vero
361 2220 461 2290 sancii
477 2221 625 2311 martyris
650 2220 684 2289 in
704 2219 804 2290 latere
822 2215 943 2290 finistro
960 2221 1015 2292 vili
1039 2222 1179 2294 scemate
1195 2223 1288 2294 cons·
1325 2301 1327 2308 ,

262 2330 374 2416 uuna,
391 2324 447 2398 sed
464 2326 566 2397 multa
578 2327 743 2396 sanffime
756 2325 881 2396 famosa
897 2327 1099 2400 monstratur.
1120 2328 1196 2402 lnde
1209 2355 1287 2401 vero

234 2505 242 2523 ,
267 2451 307 2529 15
335 2429 388 2504 die
405 2436 564 2530 provesii,
593 2433 707 2504 relitiis
723 2460 744 2505 a
760 2434 834 2505 leva
851 2430 965 2504 Garda
983 2437 1018 2505 δι
1034 2437 1124 2508 Geta
1143 2438 1178 2505 dt
1196 2437 1288 2506 Anti·

262 2534 340 2608 bure
357 2539 550 2630 civitatibus,
563 2566 709 2637 portum,
722 2541 779 2636 qui
796 2539 897 2611 Oliva
910 2537 1037 2628 dicitur,
1053 2543 1086 2612 in
1106 2541 1186 2612 sesto
1196 2543 1287 2612 Lam-
1302 2569 1362 2628 Sept.
1376 2582 1411 2626 η.

262 2642 345 2715 betti
353 2648 499 2739 martyris
507 2648 706 2737 intravimus,
716 2649 772 2742 qui
780 2672 896 2718 monte
905 2649 1074 2718 inrerieeto
1082 2646 1287 2720 adocciden·

184 2793 204 2826 e.
213 2789 250 2840 33·
264 2775 330 2822 tem
339 2750 592 2840 Niceamhabet,
603 2755 742 2826 caslrum
754 2756 788 2824 in
799 2779 912 2824 monte
926 2751 1050 2824 sublimi
1058 2755 1286 2826 consttuclum.

263 2855 359 2930 Unde
375 2859 448 2954 poll
464 2857 530 2932 dies
548 2863 626 2930 ooo
641 2858 808 2956 progressi,
826 2857 941 2930 relitlis
959 2858 1001 2930 ad
1013 2873 1027 2905 ²
1039 2857 1193 2932 srnistram
1208 2863 1286 2933 civi·

262 2961 378 3036 tatibus
408 2963 537 3038 famosis
567 2971 663 3038 lanua
689 2967 724 3036 ἃ
748 2966 871 3036 Pisa&
898 2966 1001 3036 castris
1032 2966 1218 3058 innumeris,
1245 2967 1288 3040 ad

262 3069 407 3142 demam
420 3097 498 3143 vero
512 3071 618 3142 insulis
631 3070 787 3161 Sardinia,
799 3067 944 3160 Corsica,
958 3071 1179 3166 Capricorno,
1200 3077 1287 3146 Gor-

261 3179 365 3276 gonio
390 3181 426 3249 dt
449 3177 514 3250 [lla
537 3181 572 3249 ἀ
593 3179 661 3250 aliis
687 3204 786 3273 quam
810 3177 969 3272 plurimis,
996 3177 1039 3248 ad
1063 3177 1227 3274 oppidum
1253 3181 1287 3252 in

262 3286 421 3356 territorio
438 3285 560 3376 Pisano,
585 3282 677 3380 quod
696 3281 900 3354 Plumbinum
919 3281 1046 3372 dicitur,
1072 3286 1285 3378 pervenimus.

261 3387 357 3464 Unde
370 3389 443 3486 post
455 3395 533 3462 odio
552 3390 619 3462 dies
633 3387 787 3487 progressi
801 3389 970 3462 Messrnam
984 3387 1164 3478 tendentes,
1183 3395 1286 3464 ventis

262 3499 428 3568 contrariis
442 3495 642 3595 urgentibus,
657 3520 789 3593 portum
801 3497 950 3568 Civitatis
964 3498 1089 3588 veteris,
1103 3523 1166 3592 que
1181 3523 1286 3594 quon-

261 3601 340 3674 dam
351 3603 589 3676 Centumcollis
601 3600 779 3693 dicebatur,
796 3603 921 3673 infesto
935 3602 1034 3672 sandi
1049 3600 1184 3693 Dionifij
1202 3632 1286 3677 mar·
1301 3639 1354 3686 on„
1364 3654 1386 3702 9·

161 3703 164 3708 ’
260 3709 337 3800 tyris
355 3735 424 3782 non
440 3709 506 3782 srne
523 3734 647 3806 magno
660 3709 849 3780 intravimus
862 3708 1017 3804 periculo
1036 3707 1133 3782 Unde
1154 3735 1287 3809 propter

260 3815 442 3911 angustiam
454 3817 610 3912 temporis
623 3829 635 3876 ³
647 3817 682 3886 δε
700 3817 832 3886 navium
848 3813 1100 3906 multitudinem,
1111 3841 1176 3910 que
1189 3844 1285 3914 portu
1313 3869 1316 3874 ·

259 3919 366 3992 strislo
388 3919 636 4012 collidebantur,
660 3920 771 4018 egressi
788 3946 865 3992 cum
882 3919 1017 3992 navibus
1041 3926 1092 4012 18,
1116 3924 1286 3998 stationem

260 4026 394 4100 secimus
422 4028 456 4098 in
485 4051 583 4125 portu
610 4029 814 4100 Cornetano.
844 4026 891 4098 Est
918 4054 1027 4100 autem
1053 4030 1237 4104 Cornetum
1266 4057 1286 4103 a

281 4271 291 4311 t
309 4254 463 4312 A.mdtiani.
477 4285 512 4294 -
525 4275 540 4310 ι
551 4255 699 4330 Sequebatur
708 4253 773 4311 ina.
787 4255 921 4322 civitatem,
928 4257 985 4328 jum
997 4257 1146 4316 deletum-
1160 4261 1209 4329 3A.
1220 4271 1282 4334 tper,
