3694 5626
541 511 1011 574 rnorernrouoonmrm.
1223 517 1288 596 ¹49

264 767 310 816 ror
336 769 412 823 nos;
436 749 477 814 ire
504 742 535 813 fe
559 745 686 812 occidite
715 765 804 833 equos
829 737 861 809 b
886 743 1031 832 imponite
1055 739 1099 806 ibi
1122 763 1187 808 conr
1209 740 1287 809 velie
1301 763 1360 812 mr

264 855 383 920 nonium
400 849 431 918 o
447 875 511 918 crem
530 851 663 918 omnious
682 849 849 939 obstaculis,
868 871 924 938 que
936 849 1098 938 potueritis
1119 847 1236 932 habere,
1255 869 1288 915 ιιι

264 982 340 1048 opero
362 978 419 1026 non
431 957 522 1048 poffit
537 957 642 1025 rodere
650 956 802 1048 sobolum,
831 953 1091 1022 &liberabimus
1117 949 1171 1021 Ad
1194 951 1287 1046 quod
1312 1010 1315 1025 .

265 1060 452 1132 faciendum
483 1085 606 1132 omnes·
632 1079 839 1132 cucurrerunt
874 1061 1006 1153 citoque
1035 1056 1070 1128 id
1100 1054 1284 1130 effecerunt.

265 1173 381 1240 iterum
403 1169 501 1238 tercia
522 1165 575 1238 die
593 1191 682 1238 mare
707 1164 877 1237 crudeliter
891 1165 1025 1238 laniavit
1041 1163 1196 1237 vallatum
1212 1163 1286 1234 nos·
1302 1191 1357 1240 oen.
1368 1207 1390 1240 e

264 1299 358 1346 trum.
384 1275 478 1346 Tunc
499 1297 571 1361 nos,
599 1274 676 1367 quia
699 1271 741 1343 de
762 1273 828 1344 vita
847 1270 1014 1367 desperati,
1032 1271 1228 1344 cucurrimus
1244 1268 1288 1340 ad

262 1379 418 1477 legatum,
444 1382 530 1450 circa
547 1377 646 1474 pedes
672 1381 739 1450 eius
761 1403 838 1448 cum
858 1403 899 1449 eo
921 1378 1080 1468 morituri,
1109 1376 1288 1472 omnesque

255 1483 500 1557 'lacrimabiliter
516 1482 655 1556 diximus
672 1483 713 1556 ad
731 1511 823 1555 eum:
851 1491 994 1572 Domine,
1012 1487 1105 1578 solvo
1122 1511 1187 1570 nos,
1205 1489 1288 1577 peri·

263 1600 348 1664 mus!
365 1593 508 1684 (Matth,
520 1611 599 1683 v111,
619 1593 690 1690 25.)
708 1593 777 1689 Qui
795 1592 874 1663 dixit
887 1589 999 1662 nobis:
1016 1595 1126 1662 Eomns
1138 1594 1178 1660 od
1187 1593 1288 1684 soffo-

262 1706 341 1770 rron!
367 1697 607 1794 Venientesque
634 1723 743 1771 autem
759 1697 802 1768 ad
820 1695 985 1789 fossarum,
1008 1697 1076 1794 ipse
1097 1697 1129 1768 se
1146 1696 1289 1768 extendit

261 1807 295 1877 in
317 1805 456 1876 modum
482 1806 583 1877 crucis
612 1807 706 1902 super
723 1830 841 1874 terram
864 1807 910 1895 &‚
936 1803 1145 1900 discooperto
1170 1803 1288 1898 capite,

262 1915 368 1984 oravit
391 1912 434 1983 ad
453 1914 636 1984 Dominum
650 1913 685 1982 δι
702 1911 796 1982 dixit:
821 1914 953 1981 Domine
977 1913 1062 2003 Iiesu
1088 1909 1213 2000 Christe,
1236 1917 1289 2003 qui

262 2025 407 2090 excitatus
424 2049 441 2089 o
459 2025 562 2106 Petro,
581 2023 648 2088 dum
668 2025 733 2088 eius
749 2019 889 2088 noviculo
903 2039 1095 2109 mergeretur,
1115 2017 1208 2085 eidem
1225 2020 1289 2110 res·

257 2128 410 2217 ponderi:
441 2126 591 2196 unomen:
614 2143 728 2215 onom,
746 2141 878 2202 Qunrrn
895 2139 1117 2211 urrunnun,
1134 2121 1166 2190 6»
1180 2127 1287 2212 statim

260 2237 411 2324 imperasti
433 2238 528 2302 ventis
549 2232 579 2301 θ’
597 2237 685 2322 mori,
712 2231 742 2300 δ’
753 2234 844 2322 sooio
866 2237 905 2322 est
930 2231 1139 2320 tranquillitos
1160 2236 1191 2300 in
1212 2237 1289 2301 mori

264 2335 405 2433 (Maru,
425 2355 504 2428 v111,
524 2337 593 2428 263
611 2357 687 2428 xw,
706 2343 779 2436 31),
794 2341 912 2408 intende
929 2361 1013 2424 nunc,
1027 2335 1160 2432 piifflme
1178 2343 1288 2408 ‘Domi-

261 2469 327 2532 nus,
346 2447 442 2538 super
468 2451 550 2537 istum
575 2447 671 2514 Iocum
698 2445 729 2513 o
737 2447 832 2538 super
851 2433 1024 2514 leobironres⁰
1044 2450 1074 2514 in
1098 2471 1144 2530 eo,
1174 2449 1287 2536 impero

261 2555 339 2619 mori
361 2550 391 2619 θ’
409 2555 515 2642 fluvio,
534 2575 566 2621 ιιι
581 2555 704 2622 redeant
722 2557 752 2620 in
772 2555 868 2622 Iocum
877 2555 980 2644 suurn,
1003 2552 1160 2646 &impero
1178 2557 1285 2638 reorr's,

261 2681 292 2725 rer
308 2661 469 2750 quiescant,
488 2683 523 2726 ne
531 2660 663 2752 populus
673 2663 834 2752 fatigatus
850 2663 970 2728 omnino
987 2661 1116 2748 deficior,
1132 2662 1193 2752 sed
1217 2660 1288 2726 ‘sihi

260 2767 363 2836 reddor
380 2765 485 2834 londes
502 2765 532 2833 o
549 2772 671 2859 grorios
688 2791 762 2834 nunc
781 2765 812 2833 o
830 2771 861 2834 in
874 2785 1059 2858 perpennam,
1085 2770 1137 2856 qni
1154 2771 1234 2836 vivis
1255 2765 1286 2836 ee

235 2907 238 2914 ¹
260 2897 369 2966 regnos
387 2876 473 2942 Deus
483 2899 540 2965 per
555 2879 655 2942 omnio
662 2875 769 2965 seculo
778 2874 976 2966 seculorum!
991 2870 1087 2940 Hanc
1101 2873 1285 2944 orationem

260 2975 427 3050 audientes
456 2977 697 3073 respondimus=
728 2985 839 3050 oimen.
869 2979 963 3048 Paua
988 2999 1098 3048 autem
1125 2980 1285 3069 oratione,

258 3085 406 3180 protinus
435 3089 586 3182 apparuit
614 3086 662 3156 sol
690 3083 972 3181 splendidiffimus,
1006 3109 1074 3180 quo
1104 3083 1287 3182 superficies

260 3215 339 3262 terre
363 3191 483 3264 eodem
508 3192 562 3264 die
587 3195 630 3264 ita
657 3193 701 3264 est
717 3189 896 3282 defficcata,
924 3190 1016 3287 quod
1043 3191 1203 3282 vicinalia,
1221 3217 1286 3288 que

259 3323 333 3368 ante
359 3310 442 3395 pene
464 3300 590 3371 fuerant
611 3299 748 3396 perdita,
767 3301 859 3398 gravi
879 3299 1027 3397 dampno
1045 3299 1174 3372 fuerunt
1193 3323 1284 3372 recu·

248 3405 379 3500 'perata
398 3405 567 3480 {neodem
588 3405 665 3476 loco
682 3409 795 3502 quinta
812 3431 884 3503 pars
900 3407 1059 3478 exercitus
1077 3431 1207 3478 mortua
1226 3407 1286 3478 fuit

259 3537 297 3584 ex
319 3537 404 3608 aqua
426 3516 460 3583 δι
477 3513 610 3610 frigore,
635 3516 671 3584 &
694 3513 787 3583 multi
809 3515 941 3584 amisere
958 3512 1111 3610 ungulos,
1137 3515 1172 3584 ἀ
1192 3513 1284 3586 multi

259 3617 336 3715 paffi
350 3620 468 3690 suntin
488 3643 555 3712 ore,
568 3621 603 3690 &
619 3619 696 3716 paffr
714 3619 785 3690 sunt
801 3621 834 3691 in
853 3617 1001 3715 pedibus,
1014 3623 1049 3691 &
1064 3616 1105 3690 fic
1121 3619 1237 3692 mimus
1249 3622 1284 3692 in

258 3726 366 3798 multis
381 3725 529 3822 periculis
541 3751 600 3823 per
614 3715 718 3798 totam
730 3726 883 3818 hyemem
898 3727 997 3824 usque
1010 3725 1054 3798 ad
1067 3725 1280 3800 Februarium.
1300 3771 1358 3821 1219

299 3947 349 4012 Ue
365 3946 506 4012 triduano
518 3948 695 4034 tempestate,
715 3967 801 4033 quom
812 3941 971 4034 poffisunr
989 3945 1090 4032 nostri,
1114 3939 1145 4008 fe
1159 3944 1243 4034 fugo

385 4053 625 4136 Soranorum,
637 4073 696 4142 per
712 4051 852 4118 Sonoiurn
875 4050 1041 4143 Georgium
1049 4051 1150 4139 faeie.

111 4275 243 4334 fol-178²·
305 4260 381 4332 Xlil.
400 4259 603 4358 Perpendens
619 4281 731 4332 autem
748 4255 901 4331 dominus
924 4260 1060 4358 legatus,
1081 4259 1174 4357 quod
1190 4258 1281 4332 nullo
