3688 5640
560 554 602 630 14
956 551 1170 606 onutuncm

550 768 702 842 vestra&
719 773 860 846 carnalia
881 777 915 846 ἂ
937 773 1124 869 spiritualia,
1153 771 1241 846 unde
1273 775 1372 846 mittit
1397 771 1491 846 vobis
1518 774 1572 846 hic

550 874 805 950 mundationem
826 883 860 952 δε
885 881 1122 977 purgacionem
1147 906 1166 950 a
1188 881 1345 976 peccatis,
1378 905 1412 951 ut
1441 905 1572 952 crucem

549 981 678 1054 sumatis
699 984 742 1056 ad
764 986 945 1057 succursum
968 987 1065 1058 Terre
1086 987 1212 1078 Sancte,
1241 990 1276 1057 &
1297 985 1338 1056 fic
1359 1013 1417 1083 pet
1440 1012 1571 1060 crucem

547 1087 704 1160 intrabitis
717 1093 749 1160 in
764 1117 901 1190 regnum
914 1092 1059 1164 celorum
1071 1095 1106 1163 &
1123 1090 1164 1164 fic
1176 1089 1325 1164 videbitis
1341 1094 1471 1189 alpetiu
1491 1093 1570 1168 deli-

548 1193 725 1268 derabilem
749 1200 783 1272 &
808 1195 1009 1269 ineffabiliter
1034 1197 1271 1270 deleciabilem.
1306 1198 1403 1272 Unde
1436 1231 1454 1264 u
1479 1206 1571 1272 beati

548 1305 656 1372 mundo
673 1307 772 1395 corde,
792 1335 810 1368 u
831 1307 894 1376 &c
912 1303 1105 1394 (Matth.,·V,
1124 1303 1174 1400 8).

597 1411 688 1481 ltem:
706 1411 795 1482 Sicut
807 1435 934 1506 pannus
946 1407 1082 1482 abluitur
1098 1411 1185 1507 prius
1198 1437 1310 1482 amara
1329 1412 1435 1484 lexiva
1446 1415 1482 1483 δι
1493 1411 1568 1508 pos·

547 1537 600 1586 tea
624 1540 711 1611 aqua
731 1515 818 1588 dulci
842 1519 877 1590 ὅ(
898 1515 1017 1608 calida,
1043 1514 1085 1588 lic
1106 1519 1218 1588 anima
1239 1519 1327 1614 prius
1351 1515 1492 1590 abluitur
1512 1543 1570 1615 per

547 1617 795 1694 tribulacionem
823 1649 968 1696 auratam
997 1626 1032 1694 &
1060 1623 1172 1718 postea
1202 1649 1261 1720 per
1288 1623 1473 1714 lacrimam,
1504 1649 1569 1721 que

547 1725 688 1821 sequitur
708 1725 965 1818 tribulacionem,
991 1753 1054 1824 que
1072 1730 1170 1800 etiam
1189 1727 1294 1800 calida
1316 1728 1430 1802 effetis
1451 1731 1496 1801 est
1511 1757 1569 1828 per

546 1833 784 1904 contricionem
795 1837 829 1904 &
843 1833 1110 1906 recordacionem
1124 1837 1359 1931 preteritorum.
1374 1837 1429 1908 Per
1441 1861 1569 1907 motum

546 1938 693 2012 enimin
722 1941 893 2036 complexu
920 1953 1056 2012 natum¹
1074 1943 1228 2012 excitatur
1255 1941 1345 2013 calor
1374 1941 1568 2030 naturaliter,

544 2044 676 2118 lacrime
688 2071 798 2118 autern
810 2073 868 2144 per
880 2074 991 2120 veram
1003 2046 1112 2118 cordis
1126 2049 1425 2144 compunccionem
1438 2044 1569 2119 effluen-

546 2174 592 2229 tes
610 2149 719 2224 dulces
738 2156 772 2223 δι
790 2152 994 2226 delet‘labiles
1012 2178 1106 2225 erunt
1122 2157 1155 2226 in
1174 2155 1350 2250 conspeciu
1365 2155 1443 2245 Dei3
1461 2180 1569 2226 exem·

545 2257 636 2354 plum
646 2283 736 2355 patet
748 2261 781 2329 in
792 2257 884 2330 beata
894 2261 995 2332 Maria
1005 2257 1209 2356 Magdalena.
1219 2260 1326 2330 Patere
1336 2261 1441 2330 eciam
1454 2259 1569 2354 potest,
1582 2279 1606 2324 A
1617 2275 1634 2325 r.
1645 2277 1674 2324 ει
1685 2295 1707 2340 ι,
1717 2297 1738 2328 ι
1751 2293 1772 2326 ι.

544 2361 755 2458 quodminus
769 2364 899 2461 placent
915 2365 1047 2436 lacrime
1062 2366 1136 2435 Deo
1155 2391 1193 2436 ex
1206 2391 1281 2436 vera
1294 2366 1479 2460 penitencia
1492 2391 1568 2462 pro-

544 2467 695 2540 cedentes
713 2495 771 2566 per
787 2470 862 2562 hoc,
882 2469 973 2566 quod
987 2471 1151 2542 Dominus
1163 2469 1277 2543 videns
1296 2471 1463 2542 Ierusalem
1480 2469 1569 2544 llevit

544 2575 637 2671 supet
658 2601 732 2646 earn
754 2575 875 2666 dicens,
904 2609 921 2640 o
945 2581 982 2648 st
1003 2579 1188 2671 cognoviffer
1204 2577 1235 2646 u
1252 2580 1297 2647 ‘lu
1317 2607 1335 2639 s
1359 2578 1463 2670 (luc,
1487 2597 1566 2670 xlX,

542 2684 615 2775 42).
640 2681 814 2780 Plangebat
837 2685 926 2754 enim
943 2684 1107 2754 Dominus
1128 2707 1327 2778 peccatores,
1350 2685 1406 2779 qui
1424 2685 1569 2757 exultant

541 2789 575 2860 in
590 2785 684 2862 rebus
696 2789 847 2885 pellimis,
862 2791 929 2885 qui,
943 2787 963 2860 fi
976 2791 1067 2860 suam
1081 2787 1336 2860 damnacionem
1351 2788 1567 2886 previderent,

541 2893 661 2990 seipsos
678 2895 732 2968 vix
748 2895 902 2992 plangere
919 2893 1083 2985 celsarent,
1101 2893 1156 2966 sed
1173 2892 1230 2992 ipsr
1247 2896 1281 2965 in
1298 2893 1502 2990 perverfitare
1513 2896 1567 2966 sua

542 2997 609 3076 dies
627 3001 700 3071 suos
718 2999 759 3072 stc
776 3000 913 3088 ducunt,
941 2999 1033 3096 quod
1055 2997 1112 3097 ipit
1133 3002 1167 3070 in
1189 3000 1420 3096 temporalium
1442 2999 1567 3072 habun-

542 3103 659 3178 dancia
680 3103 736 3178 fibi
757 3107 987 3204 pacemluam
1008 3107 1182 3205 prefigunt,
1209 3131 1273 3202 que
1296 3107 1410 3203 pocius
1432 3131 1501 3177 non
1523 3105 1568 3176 est

541 3239 617 3310 pax,
639 3239 714 3284 cum
730 3215 808 3310 ipsa,
832 3237 957 3309 quanto
981 3215 1085 3311 magis
1106 3213 1150 3284 est
1172 3211 1323 3304 affluens,
1345 3237 1438 3284 tanto
1462 3211 1566 3308 plures

540 3317 691 3390 cordium
712 3321 969 3416 inquietationes
989 3317 1122 3392 influere
1145 3320 1232 3411 facit,
1254 3323 1325 3390 &a
1347 3319 1422 3390 Deo
1444 3319 1566 3413 plus&

540 3425 612 3522 plus
629 3427 774 3498 animam
790 3425 918 3497 alienat.
943 3427 1112 3524 fugiamus
1129 3450 1210 3524 ergo
1227 3423 1342 3496 fiscum
1362 3449 1469 3496 rerum
1486 3447 1566 3494 tem·

539 3531 712 3628 puralium,
735 3558 770 3603 ut
790 3532 957 3604 evolemus
974 3531 1016 3603 ad
1036 3557 1156 3621 eterna,
1179 3531 1358 3602 recolentes
1375 3528 1457 3600 illud
1480 3531 1565 3600 Gre-

539 3639 635 3734 gorij,
660 3671 678 3704 rr
697 3643 781 3709 Satis
803 3641 974 3730 estalt'enur
992 3668 1011 3708 α
1025 3643 1104 3730 fide,
1127 3645 1179 3732 qui
1201 3641 1240 3709 nd
1260 3641 1409 3732 agendam
1427 3643 1565 3732 peniten-

539 3749 616 3814 ciam
629 3771 761 3838 tempora
766 3748 932 3838 senecintis
945 3748 1108 3840 exsperirm
1121 3747 1305 3814 metuendum
1318 3770 1446 3835 namque
1456 3748 1505 3834 est,
1516 3769 1563 3828 ne,

538 3853 607 3920 dum
615 3855 722 3946 sperat
737 3853 987 3946 misericordium,
1007 3854 1121 3922 incidat
1138 3857 1170 3920 r'n
1189 3853 1348 3923 iudicium.
1363 3880 1381 3913 u
1472 3904 1475 3911 .

830 4010 881 4077 Ue
898 4034 987 4078 carne
1004 4005 1035 4076 ὃ
1051 4012 1118 4075 eius
1134 4007 1271 4076 deliciis.

589 4169 622 4236 ln
639 4162 721 4235 libro
743 4165 869 4262 Regum
892 4163 1017 4254 dicitur,
1045 4161 1136 4259 quod
1159 4159 1224 4232 due
1246 4161 1394 4233 mulieres
1413 4157 1566 4258 oppreffe

539 4271 627 4345 fatue
648 4268 864 4342 comederunt
889 4295 1027 4366 puerum
1053 4268 1181 4342 alterius
1211 4267 1349 4360 illarum,
1379 4269 1413 4338 ἃ
1442 4267 1565 4365 reliqua

575 4431 585 4472 r
599 4415 632 4480 A,
642 4411 810 4485 Beontplexio
822 4423 889 4470 ueto.
