<?xml version="1.0" encoding="UTF-8"?>
<!DOCTYPE html PUBLIC "-//W3C//DTD XHTML 1.0 Transitional//EN"
    "http://www.w3.org/TR/xhtml1/DTD/xhtml1-transitional.dtd">
<html xmlns="http://www.w3.org/1999/xhtml" xml:lang="en" lang="en">
 <head>
  <title>
</title>
<meta http-equiv="Content-Type" content="text/html;charset=utf-8" />
  <meta name='ocr-system' content='tesseract 3.04.00' />
  <meta name='ocr-capabilities' content='ocr_page ocr_carea ocr_par ocr_line ocrx_word'/>
</head>
<body>
  <div class='ocr_page' id='page_1' title='image "./quintibellisacr00rhgoog_0090.png"; bbox 0 0 3688 5640; ppageno 0'>
   <div class='ocr_carea' id='block_1_1' title="bbox 465 520 1285 600">
    <p class='ocr_par' dir='ltr' id='par_1_1' title="bbox 465 520 1285 600">
     <span class='ocr_line' id='line_1_1' title="bbox 465 520 1285 600; baseline -0.002 -24"><span class='ocrx_word' id='word_1_1' title='bbox 465 521 770 576; x_wconf 83' lang='lat' dir='ltr'>CRUCIGERORUM</span> <span class='ocrx_word' id='word_1_2' title='bbox 794 520 1075 575; x_wconf 84' lang='lat' dir='ltr'>RHENANORUM.</span> <span class='ocrx_word' id='word_1_3' title='bbox 1246 521 1285 600; x_wconf 83' lang='lat'>31</span> 
     </span>
    </p>
   </div>
   <div class='ocr_carea' id='block_1_2' title="bbox 44 733 1392 2648">
    <p class='ocr_par' dir='ltr' id='par_1_2' title="bbox 276 733 1374 1373">
     <span class='ocr_line' id='line_1_2' title="bbox 276 733 1374 841; baseline 0 -27"><span class='ocrx_word' id='word_1_4' title='bbox 276 741 329 814; x_wconf 86' lang='lat' dir='ltr'>Ad</span> <span class='ocrx_word' id='word_1_5' title='bbox 343 733 532 841; x_wconf 67' lang='lat' dir='ltr'>hec&#39;ptefati</span> <span class='ocrx_word' id='word_1_6' title='bbox 541 747 688 836; x_wconf 79' lang='lat' dir='ltr'>comites,</span> <span class='ocrx_word' id='word_1_7' title='bbox 701 740 833 816; x_wconf 77' lang='lat' dir='ltr'>consilio</span> <span class='ocrx_word' id='word_1_8' title='bbox 847 769 923 816; x_wconf 90' lang='lat' dir='ltr'>cum</span> <span class='ocrx_word' id='word_1_9' title='bbox 936 743 1158 818; x_wconf 85' lang='lat' dir='ltr'>discretisvitis</span> <span class='ocrx_word' id='word_1_10' title='bbox 1167 741 1292 838; x_wconf 88' lang='lat' dir='ltr'>habito,</span> <span class='ocrx_word' id='word_1_11' title='bbox 1307 787 1374 834; x_wconf 73' lang='lat'>1217,</span> 
     </span>
     <span class='ocr_line' id='line_1_3' title="bbox 277 849 1293 943; baseline 0.002 -23"><span class='ocrx_word' id='word_1_12' title='bbox 277 849 455 922; x_wconf 87' lang='lat' dir='ltr'>discentes¹</span> <span class='ocrx_word' id='word_1_13' title='bbox 477 854 574 924; x_wconf 91' lang='lat' dir='ltr'>etiam</span> <span class='ocrx_word' id='word_1_14' title='bbox 598 854 749 943; x_wconf 79' lang='lat' dir='ltr'>anaticis,</span> <span class='ocrx_word' id='word_1_15' title='bbox 775 852 956 923; x_wconf 81' lang='lat' dir='ltr'>iuramento</span> <span class='ocrx_word' id='word_1_16' title='bbox 973 849 1184 942; x_wconf 85' lang='lat' dir='ltr'>firmantibus,</span> <span class='ocrx_word' id='word_1_17' title='bbox 1205 853 1293 924; x_wconf 88' lang='lat' dir='ltr'>viam</span> 
     </span>
     <span class='ocr_line' id='line_1_4' title="bbox 277 955 1292 1055; baseline 0.002 -29"><span class='ocrx_word' id='word_1_18' title='bbox 277 959 372 1028; x_wconf 88' lang='lat' dir='ltr'>matis</span> <span class='ocrx_word' id='word_1_19' title='bbox 390 985 428 1029; x_wconf 85' lang='lat' dir='ltr'>ex</span> <span class='ocrx_word' id='word_1_20' title='bbox 441 983 555 1029; x_wconf 85' lang='lat' dir='ltr'>natura</span> <span class='ocrx_word' id='word_1_21' title='bbox 569 959 735 1055; x_wconf 88' lang='lat' dir='ltr'>temporis,</span> <span class='ocrx_word' id='word_1_22' title='bbox 755 958 827 1028; x_wconf 90' lang='lat' dir='ltr'>suos</span> <span class='ocrx_word' id='word_1_23' title='bbox 840 971 954 1029; x_wconf 87' lang='lat' dir='ltr'>ventos</span> <span class='ocrx_word' id='word_1_24' title='bbox 971 955 1155 1046; x_wconf 86' lang='lat' dir='ltr'>habentem,</span> <span class='ocrx_word' id='word_1_25' title='bbox 1171 959 1214 1028; x_wconf 88' lang='lat' dir='ltr'>eis</span> <span class='ocrx_word' id='word_1_26' title='bbox 1231 956 1292 1029; x_wconf 86' lang='lat' dir='ltr'>esse</span> 
     </span>
     <span class='ocr_line' id='line_1_5' title="bbox 276 1063 1292 1161; baseline 0.003 -28"><span class='ocrx_word' id='word_1_27' title='bbox 276 1063 465 1160; x_wconf 81' lang='lat' dir='ltr'>preclusam,</span> <span class='ocrx_word' id='word_1_28' title='bbox 482 1067 516 1134; x_wconf 76' lang='grc' dir='ltr'>ἃ</span> <span class='ocrx_word' id='word_1_29' title='bbox 545 1065 769 1161; x_wconf 81' lang='lat' dir='ltr'>presenciam²</span> <span class='ocrx_word' id='word_1_30' title='bbox 788 1089 901 1134; x_wconf 86' lang='lat' dir='ltr'>eorum</span> <span class='ocrx_word' id='word_1_31' title='bbox 926 1065 1023 1134; x_wconf 80' lang='lat' dir='ltr'>Teste</span> <span class='ocrx_word' id='word_1_32' title='bbox 1045 1066 1160 1136; x_wconf 71' lang='lat' dir='ltr'>sanae</span> <span class='ocrx_word' id='word_1_33' title='bbox 1186 1066 1292 1136; x_wconf 88' lang='lat' dir='ltr'>minus</span> 
     </span>
     <span class='ocr_line' id='line_1_6' title="bbox 277 1169 1290 1258; baseline -0.001 -18"><span class='ocrx_word' id='word_1_34' title='bbox 277 1169 348 1240; x_wconf 90' lang='lat' dir='ltr'>sote</span> <span class='ocrx_word' id='word_1_35' title='bbox 364 1170 487 1258; x_wconf 89' lang='lat' dir='ltr'>utilem,</span> <span class='ocrx_word' id='word_1_36' title='bbox 515 1172 654 1241; x_wconf 84' lang='lat' dir='ltr'>maxime</span> <span class='ocrx_word' id='word_1_37' title='bbox 679 1195 752 1241; x_wconf 90' lang='lat' dir='ltr'>cum</span> <span class='ocrx_word' id='word_1_38' title='bbox 774 1169 997 1240; x_wconf 84' lang='lat' dir='ltr'>Romanorum</span> <span class='ocrx_word' id='word_1_39' title='bbox 1015 1195 1070 1241; x_wconf 87' lang='lat' dir='ltr'>rex</span> <span class='ocrx_word' id='word_1_40' title='bbox 1086 1172 1120 1241; x_wconf 69' lang='grc' dir='ltr'>δι</span> <span class='ocrx_word' id='word_1_41' title='bbox 1138 1171 1290 1258; x_wconf 88' lang='lat' dir='ltr'>Romani,</span> 
     </span>
     <span class='ocr_line' id='line_1_7' title="bbox 276 1272 1292 1373; baseline 0.001 -28"><span class='ocrx_word' id='word_1_42' title='bbox 276 1299 352 1346; x_wconf 91' lang='lat' dir='ltr'>cum</span> <span class='ocrx_word' id='word_1_43' title='bbox 376 1276 484 1346; x_wconf 89' lang='lat' dir='ltr'>multis</span> <span class='ocrx_word' id='word_1_44' title='bbox 513 1273 711 1373; x_wconf 84' lang='lat' dir='ltr'>principibus</span> <span class='ocrx_word' id='word_1_45' title='bbox 740 1275 931 1346; x_wconf 81' lang='lat' dir='ltr'>Alemannie</span> <span class='ocrx_word' id='word_1_46' title='bbox 961 1274 1026 1345; x_wconf 91' lang='lat' dir='ltr'>hoc</span> <span class='ocrx_word' id='word_1_47' title='bbox 1051 1300 1198 1373; x_wconf 87' lang='lat' dir='ltr'>tempore</span> <span class='ocrx_word' id='word_1_48' title='bbox 1222 1272 1292 1346; x_wconf 85' lang='lat' dir='ltr'>non</span> 
     </span>
    </p>

    <p class='ocr_par' dir='ltr' id='par_1_3' title="bbox 44 1379 1298 1480">
     <span class='ocr_line' id='line_1_8' title="bbox 44 1379 1298 1480; baseline -0.002 -23"><span class='ocrx_word' id='word_1_49' title='bbox 44 1394 87 1453; x_wconf 61' lang='grc' dir='ltr'>Ε»</span> <span class='ocrx_word' id='word_1_50' title='bbox 99 1411 124 1457; x_wconf 77' lang='lat' dir='ltr'>a·</span> <span class='ocrx_word' id='word_1_51' title='bbox 136 1409 228 1456; x_wconf 64' lang='lat' dir='ltr'>use·</span> <span class='ocrx_word' id='word_1_52' title='bbox 241 1411 262 1444; x_wconf 69' lang='grc' dir='ltr'>ι.</span> <span class='ocrx_word' id='word_1_53' title='bbox 276 1379 450 1454; x_wconf 79' lang='lat' dir='ltr'>transirent.</span> <span class='ocrx_word' id='word_1_54' title='bbox 467 1381 636 1480; x_wconf 76' lang='lat' dir='ltr'>Elegerunt</span> <span class='ocrx_word' id='word_1_55' title='bbox 659 1382 768 1477; x_wconf 91' lang='lat' dir='ltr'>itaque</span> <span class='ocrx_word' id='word_1_56' title='bbox 791 1380 901 1452; x_wconf 89' lang='lat' dir='ltr'>medio</span> <span class='ocrx_word' id='word_1_57' title='bbox 919 1405 1066 1478; x_wconf 87' lang='lat' dir='ltr'>tempore</span> <span class='ocrx_word' id='word_1_58' title='bbox 1082 1383 1116 1452; x_wconf 93' lang='lat' dir='ltr'>in</span> <span class='ocrx_word' id='word_1_59' title='bbox 1134 1379 1298 1478; x_wconf 91' lang='lat' dir='ltr'>obsequio·</span> 
     </span>
    </p>

    <p class='ocr_par' dir='ltr' id='par_1_4' title="bbox 210 1485 1292 1773">
     <span class='ocr_line' id='line_1_9' title="bbox 210 1485 1292 1582; baseline 0.001 -24"><span class='ocrx_word' id='word_1_60' title='bbox 210 1487 213 1492; x_wconf 79' lang='grc'><strong>’</strong></span> <span class='ocrx_word' id='word_1_61' title='bbox 275 1486 387 1559; x_wconf 91' lang='lat' dir='ltr'>divino</span> <span class='ocrx_word' id='word_1_62' title='bbox 402 1486 556 1559; x_wconf 88' lang='lat' dir='ltr'>desudate</span> <span class='ocrx_word' id='word_1_63' title='bbox 568 1491 603 1558; x_wconf 74' lang='grc' dir='ltr'><strong>ἃ</strong></span> <span class='ocrx_word' id='word_1_64' title='bbox 613 1489 819 1558; x_wconf 85' lang='lat' dir='ltr'>inimicorum</span> <span class='ocrx_word' id='word_1_65' title='bbox 833 1485 910 1558; x_wconf 89' lang='lat' dir='ltr'>sidei</span> <span class='ocrx_word' id='word_1_66' title='bbox 922 1485 1002 1558; x_wconf 89' lang='lat' dir='ltr'>fines</span> <span class='ocrx_word' id='word_1_67' title='bbox 1013 1485 1176 1578; x_wconf 85' lang='lat' dir='ltr'>invadere,</span> <span class='ocrx_word' id='word_1_68' title='bbox 1192 1513 1292 1582; x_wconf 89' lang='lat' dir='ltr'>quam</span> 
     </span>
     <span class='ocr_line' id='line_1_10' title="bbox 274 1593 1291 1691; baseline 0.002 -27"><span class='ocrx_word' id='word_1_69' title='bbox 274 1594 362 1690; x_wconf 91' lang='lat' dir='ltr'>apud</span> <span class='ocrx_word' id='word_1_70' title='bbox 378 1593 490 1666; x_wconf 91' lang='lat' dir='ltr'>locum</span> <span class='ocrx_word' id='word_1_71' title='bbox 514 1595 656 1691; x_wconf 77' lang='lat' dir='ltr'>aliquem</span> <span class='ocrx_word' id='word_1_72' title='bbox 673 1593 868 1690; x_wconf 89' lang='lat' dir='ltr'>quiescendo</span> <span class='ocrx_word' id='word_1_73' title='bbox 895 1619 1052 1690; x_wconf 84' lang='lat' dir='ltr'>tanquam</span> <span class='ocrx_word' id='word_1_74' title='bbox 1068 1595 1149 1666; x_wconf 88' lang='lat' dir='ltr'>servi</span> <span class='ocrx_word' id='word_1_75' title='bbox 1164 1594 1291 1666; x_wconf 90' lang='lat' dir='ltr'>inutiles</span> 
     </span>
     <span class='ocr_line' id='line_1_11' title="bbox 275 1701 495 1773; baseline 0.005 -3"><span class='ocrx_word' id='word_1_76' title='bbox 275 1701 350 1771; x_wconf 82' lang='lat' dir='ltr'>ocio</span> <span class='ocrx_word' id='word_1_77' title='bbox 370 1726 495 1773; x_wconf 86' lang='lat' dir='ltr'>vacare.</span> 
     </span>
    </p>

    <p class='ocr_par' dir='ltr' id='par_1_5' title="bbox 322 1803 1326 1904">
     <span class='ocr_line' id='line_1_12' title="bbox 322 1803 1326 1904; baseline 0 -27"><span class='ocrx_word' id='word_1_78' title='bbox 322 1805 373 1878; x_wconf 83' lang='lat' dir='ltr'>Ab</span> <span class='ocrx_word' id='word_1_79' title='bbox 382 1807 447 1879; x_wconf 94' lang='lat' dir='ltr'>hoc</span> <span class='ocrx_word' id='word_1_80' title='bbox 456 1832 564 1878; x_wconf 91' lang='lat' dir='ltr'>tamen</span> <span class='ocrx_word' id='word_1_81' title='bbox 577 1819 590 1868; x_wconf 86' lang='lat'>³</span> <span class='ocrx_word' id='word_1_82' title='bbox 604 1804 773 1904; x_wconf 79' lang='lat' dir='ltr'>proposto</span> <span class='ocrx_word' id='word_1_83' title='bbox 787 1804 993 1878; x_wconf 83' lang='lat' dir='ltr'>discordabat</span> <span class='ocrx_word' id='word_1_84' title='bbox 999 1805 1184 1880; x_wconf 84' lang='lat' dir='ltr'>Werdensis</span> <span class='ocrx_word' id='word_1_85' title='bbox 1193 1803 1290 1878; x_wconf 87' lang='lat' dir='ltr'>abbas</span> <span class='ocrx_word' id='word_1_86' title='bbox 1323 1883 1326 1890; x_wconf 53' lang='grc'>,</span> 
     </span>
    </p>

    <p class='ocr_par' dir='ltr' id='par_1_6' title="bbox 271 1911 1392 2648">
     <span class='ocr_line' id='line_1_13' title="bbox 273 1911 1377 2010; baseline -0.001 -26"><span class='ocrx_word' id='word_1_87' title='bbox 273 1915 308 1983; x_wconf 76' lang='grc' dir='ltr'>ἀ</span> <span class='ocrx_word' id='word_1_88' title='bbox 319 1937 436 1984; x_wconf 90' lang='lat' dir='ltr'>omnes</span> <span class='ocrx_word' id='word_1_89' title='bbox 453 1914 518 1984; x_wconf 87' lang='lat' dir='ltr'>sete</span> <span class='ocrx_word' id='word_1_90' title='bbox 531 1913 669 1984; x_wconf 76' lang='lat' dir='ltr'>frisones</span> <span class='ocrx_word' id='word_1_91' title='bbox 681 1917 716 1994; x_wconf 74' lang='grc' dir='ltr'>δι</span> <span class='ocrx_word' id='word_1_92' title='bbox 729 1915 833 1984; x_wconf 91' lang='lat' dir='ltr'>eciam</span> <span class='ocrx_word' id='word_1_93' title='bbox 847 1911 981 2009; x_wconf 90' lang='lat' dir='ltr'>quidam</span> <span class='ocrx_word' id='word_1_94' title='bbox 994 1914 1056 2004; x_wconf 86' lang='lat' dir='ltr'>alij,</span> <span class='ocrx_word' id='word_1_95' title='bbox 1074 1916 1129 2010; x_wconf 92' lang='lat' dir='ltr'>qui</span> <span class='ocrx_word' id='word_1_96' title='bbox 1143 1915 1291 2009; x_wconf 85' lang='lat' dir='ltr'>proxima</span> <span class='ocrx_word' id='word_1_97' title='bbox 1376 1955 1377 1958; x_wconf 61' lang='lat'><em>=</em></span> 
     </span>
     <span class='ocr_line' id='line_1_14' title="bbox 274 2016 1392 2116; baseline 0.002 -26"><span class='ocrx_word' id='word_1_98' title='bbox 274 2019 357 2091; x_wconf 82' lang='lat' dir='ltr'>sexta</span> <span class='ocrx_word' id='word_1_99' title='bbox 375 2019 454 2090; x_wconf 85' lang='lat' dir='ltr'>seria</span> <span class='ocrx_word' id='word_1_100' title='bbox 472 2019 544 2116; x_wconf 90' lang='lat' dir='ltr'>post</span> <span class='ocrx_word' id='word_1_101' title='bbox 564 2020 678 2091; x_wconf 87' lang='lat' dir='ltr'>festum</span> <span class='ocrx_word' id='word_1_102' title='bbox 703 2017 788 2090; x_wconf 87' lang='lat' dir='ltr'>beati</span> <span class='ocrx_word' id='word_1_103' title='bbox 806 2016 913 2090; x_wconf 91' lang='lat' dir='ltr'>lacobi</span> <span class='ocrx_word' id='word_1_104' title='bbox 929 2018 971 2090; x_wconf 87' lang='lat' dir='ltr'>ad</span> <span class='ocrx_word' id='word_1_105' title='bbox 988 2018 1196 2092; x_wconf 86' lang='lat' dir='ltr'>Ulixibonam</span> <span class='ocrx_word' id='word_1_106' title='bbox 1215 2045 1291 2092; x_wconf 89' lang='lat' dir='ltr'>cum</span> <span class='ocrx_word' id='word_1_107' title='bbox 1302 2035 1344 2082; x_wconf 75' lang='lat' dir='ltr'>lul·</span> <span class='ocrx_word' id='word_1_108' title='bbox 1355 2035 1392 2084; x_wconf 78' lang='lat'>28·</span> 
     </span>
     <span class='ocr_line' id='line_1_15' title="bbox 273 2123 1291 2224; baseline 0 -28"><span class='ocrx_word' id='word_1_109' title='bbox 273 2129 444 2222; x_wconf 70' lang='lat' dir='ltr'>osioginta</span> <span class='ocrx_word' id='word_1_110' title='bbox 471 2123 602 2197; x_wconf 87' lang='lat' dir='ltr'>navibus</span> <span class='ocrx_word' id='word_1_111' title='bbox 626 2127 678 2197; x_wconf 91' lang='lat' dir='ltr'>vel</span> <span class='ocrx_word' id='word_1_112' title='bbox 709 2125 807 2222; x_wconf 90' lang='lat' dir='ltr'>paulo</span> <span class='ocrx_word' id='word_1_113' title='bbox 832 2127 904 2224; x_wconf 92' lang='lat' dir='ltr'>plus</span> <span class='ocrx_word' id='word_1_114' title='bbox 930 2123 1131 2216; x_wconf 82' lang='lat' dir='ltr'>recesserunt,</span> <span class='ocrx_word' id='word_1_115' title='bbox 1156 2125 1291 2196; x_wconf 85' lang='lat' dir='ltr'>&amp;ficut</span> 
     </span>
     <span class='ocr_line' id='line_1_16' title="bbox 272 2231 1290 2330; baseline 0.001 -29"><span class='ocrx_word' id='word_1_116' title='bbox 272 2232 383 2329; x_wconf 85' lang='lat' dir='ltr'>postea</span> <span class='ocrx_word' id='word_1_117' title='bbox 401 2257 458 2328; x_wconf 92' lang='lat' dir='ltr'>pet</span> <span class='ocrx_word' id='word_1_118' title='bbox 475 2231 624 2302; x_wconf 77' lang='lat' dir='ltr'>esseslum</span> <span class='ocrx_word' id='word_1_119' title='bbox 641 2235 755 2328; x_wconf 87' lang='lat' dir='ltr'>patuit,</span> <span class='ocrx_word' id='word_1_120' title='bbox 776 2232 860 2302; x_wconf 89' lang='lat' dir='ltr'>solus</span> <span class='ocrx_word' id='word_1_121' title='bbox 880 2258 919 2302; x_wconf 85' lang='lat' dir='ltr'>ex</span> <span class='ocrx_word' id='word_1_122' title='bbox 936 2234 981 2302; x_wconf 87' lang='lat' dir='ltr'>eis</span> <span class='ocrx_word' id='word_1_123' title='bbox 997 2256 1038 2302; x_wconf 92' lang='lat' dir='ltr'>eo</span> <span class='ocrx_word' id='word_1_124' title='bbox 1056 2257 1206 2330; x_wconf 84' lang='lat' dir='ltr'>tempore</span> <span class='ocrx_word' id='word_1_125' title='bbox 1222 2257 1290 2302; x_wconf 90' lang='lat' dir='ltr'>non</span> 
     </span>
     <span class='ocr_line' id='line_1_17' title="bbox 273 2335 1291 2434; baseline 0.004 -24"><span class='ocrx_word' id='word_1_126' title='bbox 273 2337 503 2429; x_wconf 81' lang='lat' dir='ltr'>transfretavit3</span> <span class='ocrx_word' id='word_1_127' title='bbox 532 2337 625 2408; x_wconf 92' lang='lat' dir='ltr'>multi</span> <span class='ocrx_word' id='word_1_128' title='bbox 649 2351 786 2409; x_wconf 83' lang='lat' dir='ltr'>tamen⁴</span> <span class='ocrx_word' id='word_1_129' title='bbox 804 2335 922 2408; x_wconf 88' lang='lat' dir='ltr'>nebula</span> <span class='ocrx_word' id='word_1_130' title='bbox 947 2335 1101 2434; x_wconf 80' lang='lat' dir='ltr'>palpabili</span> <span class='ocrx_word' id='word_1_131' title='bbox 1125 2341 1226 2412; x_wconf 85' lang='lat' dir='ltr'>cecati</span> <span class='ocrx_word' id='word_1_132' title='bbox 1249 2343 1291 2414; x_wconf 86' lang='lat' dir='ltr'>ad</span> 
     </span>
     <span class='ocr_line' id='line_1_18' title="bbox 271 2441 1290 2541; baseline 0.006 -27"><span class='ocrx_word' id='word_1_133' title='bbox 271 2469 405 2540; x_wconf 83' lang='lat' dir='ltr'>portum</span> <span class='ocrx_word' id='word_1_134' title='bbox 433 2444 572 2540; x_wconf 77' lang='lat' dir='ltr'>Algazer</span> <span class='ocrx_word' id='word_1_135' title='bbox 591 2457 602 2504; x_wconf 84' lang='lat'><em>⁵</em></span> <span class='ocrx_word' id='word_1_136' title='bbox 622 2469 744 2541; x_wconf 80' lang='lat' dir='ltr'>preter·</span> <span class='ocrx_word' id='word_1_137' title='bbox 762 2441 964 2541; x_wconf 78' lang='lat' dir='ltr'>propostum</span> <span class='ocrx_word' id='word_1_138' title='bbox 995 2445 1086 2516; x_wconf 89' lang='lat' dir='ltr'>inviti</span> <span class='ocrx_word' id='word_1_139' title='bbox 1119 2471 1194 2518; x_wconf 92' lang='lat' dir='ltr'>cum</span> <span class='ocrx_word' id='word_1_140' title='bbox 1223 2448 1290 2520; x_wconf 85' lang='lat' dir='ltr'>aliis</span> 
     </span>
     <span class='ocr_line' id='line_1_19' title="bbox 271 2550 504 2648; baseline -0.009 -28"><span class='ocrx_word' id='word_1_141' title='bbox 271 2550 504 2648; x_wconf 87' lang='lat' dir='ltr'>applicuerunt.</span> 
     </span>
    </p>
   </div>
   <div class='ocr_carea' id='block_1_3' title="bbox 30 2807 1245 2908">
    <p class='ocr_par' dir='ltr' id='par_1_7' title="bbox 30 2807 1245 2908">
     <span class='ocr_line' id='line_1_20' title="bbox 30 2807 1245 2908; baseline -0.001 -29"><span class='ocrx_word' id='word_1_142' title='bbox 30 2816 108 2876; x_wconf 78' lang='lat' dir='ltr'>v.,t.</span> <span class='ocrx_word' id='word_1_143' title='bbox 126 2830 150 2879; x_wconf 74' lang='lat'>³,</span> <span class='ocrx_word' id='word_1_144' title='bbox 161 2821 194 2876; x_wconf 59' lang='grc' dir='ltr'>Ρ,</span> <span class='ocrx_word' id='word_1_145' title='bbox 204 2833 225 2864; x_wconf 73' lang='lat'>⁶·</span> <span class='ocrx_word' id='word_1_146' title='bbox 238 2830 259 2865; x_wconf 85' lang='lat'>1·</span> <span class='ocrx_word' id='word_1_147' title='bbox 325 2809 357 2877; x_wconf 90' lang='lat' dir='ltr'>ll.</span> <span class='ocrx_word' id='word_1_148' title='bbox 378 2811 428 2878; x_wconf 77' lang='lat' dir='ltr'>De</span> <span class='ocrx_word' id='word_1_149' title='bbox 444 2813 591 2908; x_wconf 80' lang='lat' dir='ltr'>olfidione</span> <span class='ocrx_word' id='word_1_150' title='bbox 606 2815 694 2902; x_wconf 80' lang='lat' dir='ltr'>castri</span> <span class='ocrx_word' id='word_1_151' title='bbox 710 2809 846 2904; x_wconf 63' lang='lat' dir='ltr'>oslgaper</span> <span class='ocrx_word' id='word_1_152' title='bbox 862 2807 893 2878; x_wconf 70' lang='lat' dir='ltr'>se</span> <span class='ocrx_word' id='word_1_153' title='bbox 904 2833 1009 2902; x_wconf 82' lang='lat' dir='ltr'>pugna</span> <span class='ocrx_word' id='word_1_154' title='bbox 1026 2809 1135 2878; x_wconf 78' lang='lat' dir='ltr'>ibidem</span> <span class='ocrx_word' id='word_1_155' title='bbox 1143 2810 1245 2902; x_wconf 74' lang='lat' dir='ltr'>suda.</span> 
     </span>
    </p>
   </div>
   <div class='ocr_carea' id='block_1_4' title="bbox 270 3023 1410 4077">
    <p class='ocr_par' dir='ltr' id='par_1_8' title="bbox 270 3023 1410 4077">
     <span class='ocr_line' id='line_1_21' title="bbox 322 3023 1395 3127; baseline 0 -29"><span class='ocrx_word' id='word_1_156' title='bbox 322 3025 440 3098; x_wconf 84' lang='lat' dir='ltr'>Tercio</span> <span class='ocrx_word' id='word_1_157' title='bbox 456 3029 554 3127; x_wconf 87' lang='lat' dir='ltr'>igitur</span> <span class='ocrx_word' id='word_1_158' title='bbox 564 3029 578 3074; x_wconf 90' lang='lat'><strong>⁶</strong></span> <span class='ocrx_word' id='word_1_159' title='bbox 590 3026 741 3100; x_wconf 86' lang='lat' dir='ltr'>calendas</span> <span class='ocrx_word' id='word_1_160' title='bbox 753 3027 888 3125; x_wconf 81' lang='lat' dir='ltr'>Augusti</span> <span class='ocrx_word' id='word_1_161' title='bbox 902 3027 999 3098; x_wconf 87' lang='lat' dir='ltr'>aiam</span> <span class='ocrx_word' id='word_1_162' title='bbox 1015 3025 1107 3098; x_wconf 61' lang='lat' dir='ltr'>diesis</span> <span class='ocrx_word' id='word_1_163' title='bbox 1120 3023 1292 3100; x_wconf 88' lang='lat' dir='ltr'>comitibus</span> <span class='ocrx_word' id='word_1_164' title='bbox 1303 3049 1345 3098; x_wconf 77' lang='lat' dir='ltr'>tu.</span> <span class='ocrx_word' id='word_1_165' title='bbox 1358 3065 1395 3114; x_wconf 78' lang='lat'>30.</span> 
     </span>
     <span class='ocr_line' id='line_1_22' title="bbox 274 3129 1291 3230; baseline 0.005 -28"><span class='ocrx_word' id='word_1_166' title='bbox 274 3129 436 3204; x_wconf 86' lang='lat' dir='ltr'>obsessum</span> <span class='ocrx_word' id='word_1_167' title='bbox 448 3137 492 3204; x_wconf 85' lang='lat' dir='ltr'>est</span> <span class='ocrx_word' id='word_1_168' title='bbox 507 3135 655 3226; x_wconf 84' lang='lat' dir='ltr'>castrum,</span> <span class='ocrx_word' id='word_1_169' title='bbox 673 3133 764 3230; x_wconf 93' lang='lat' dir='ltr'>quod</span> <span class='ocrx_word' id='word_1_170' title='bbox 776 3137 810 3205; x_wconf 92' lang='lat' dir='ltr'>in</span> <span class='ocrx_word' id='word_1_171' title='bbox 824 3131 995 3205; x_wconf 89' lang='lat' dir='ltr'>dulcedine</span> <span class='ocrx_word' id='word_1_172' title='bbox 1008 3158 1089 3204; x_wconf 84' lang='lat' dir='ltr'>terte</span> <span class='ocrx_word' id='word_1_173' title='bbox 1101 3135 1194 3230; x_wconf 88' lang='lat' dir='ltr'>super</span> <span class='ocrx_word' id='word_1_174' title='bbox 1211 3135 1291 3208; x_wconf 91' lang='lat' dir='ltr'>mul·</span> 
     </span>
     <span class='ocr_line' id='line_1_23' title="bbox 271 3237 1291 3338; baseline 0.004 -30"><span class='ocrx_word' id='word_1_175' title='bbox 271 3237 408 3312; x_wconf 88' lang='lat' dir='ltr'>titudine</span> <span class='ocrx_word' id='word_1_176' title='bbox 430 3241 566 3338; x_wconf 87' lang='lat' dir='ltr'>piscium</span> <span class='ocrx_word' id='word_1_177' title='bbox 586 3267 625 3312; x_wconf 85' lang='lat' dir='ltr'>ac</span> <span class='ocrx_word' id='word_1_178' title='bbox 649 3241 788 3312; x_wconf 87' lang='lat' dir='ltr'>fetatum</span> <span class='ocrx_word' id='word_1_179' title='bbox 804 3241 849 3312; x_wconf 87' lang='lat' dir='ltr'>esl</span> <span class='ocrx_word' id='word_1_180' title='bbox 867 3237 971 3328; x_wconf 88' lang='lat' dir='ltr'>sttum,</span> <span class='ocrx_word' id='word_1_181' title='bbox 990 3252 1080 3310; x_wconf 89' lang='lat' dir='ltr'>ncc⁷</span> <span class='ocrx_word' id='word_1_182' title='bbox 1102 3240 1202 3338; x_wconf 86' lang='lat' dir='ltr'>longe</span> <span class='ocrx_word' id='word_1_183' title='bbox 1219 3242 1291 3338; x_wconf 89' lang='lat' dir='ltr'>post</span> 
     </span>
     <span class='ocr_line' id='line_1_24' title="bbox 271 3341 1289 3444; baseline 0.003 -29"><span class='ocrx_word' id='word_1_184' title='bbox 271 3341 472 3417; x_wconf 87' lang='lat' dir='ltr'>advenerunt</span> <span class='ocrx_word' id='word_1_185' title='bbox 488 3372 546 3444; x_wconf 90' lang='lat' dir='ltr'>pet</span> <span class='ocrx_word' id='word_1_186' title='bbox 563 3371 680 3418; x_wconf 85' lang='lat' dir='ltr'>terram</span> <span class='ocrx_word' id='word_1_187' title='bbox 698 3347 814 3443; x_wconf 85' lang='lat' dir='ltr'>prefati</span> <span class='ocrx_word' id='word_1_188' title='bbox 834 3347 978 3444; x_wconf 89' lang='lat' dir='ltr'>episcopi</span> <span class='ocrx_word' id='word_1_189' title='bbox 995 3369 1071 3416; x_wconf 91' lang='lat' dir='ltr'>cum</span> <span class='ocrx_word' id='word_1_190' title='bbox 1090 3371 1214 3444; x_wconf 84' lang='lat' dir='ltr'>magno</span> <span class='ocrx_word' id='word_1_191' title='bbox 1233 3371 1289 3418; x_wconf 91' lang='lat' dir='ltr'>co·</span> 
     </span>
     <span class='ocr_line' id='line_1_25' title="bbox 270 3448 1290 3550; baseline 0.004 -30"><span class='ocrx_word' id='word_1_192' title='bbox 270 3451 384 3522; x_wconf 89' lang='lat' dir='ltr'>mitatu</span> <span class='ocrx_word' id='word_1_193' title='bbox 402 3455 437 3522; x_wconf 74' lang='grc' dir='ltr'><strong>ἃ</strong></span> <span class='ocrx_word' id='word_1_194' title='bbox 454 3453 568 3524; x_wconf 85' lang='lat' dir='ltr'>fratres</span> <span class='ocrx_word' id='word_1_195' title='bbox 585 3451 626 3523; x_wconf 91' lang='lat' dir='ltr'>de</span> <span class='ocrx_word' id='word_1_196' title='bbox 643 3451 766 3524; x_wconf 87' lang='lat' dir='ltr'>Gladio</span> <span class='ocrx_word' id='word_1_197' title='bbox 791 3478 867 3523; x_wconf 91' lang='lat' dir='ltr'>cum</span> <span class='ocrx_word' id='word_1_198' title='bbox 892 3452 961 3523; x_wconf 90' lang='lat' dir='ltr'>aliis</span> <span class='ocrx_word' id='word_1_199' title='bbox 984 3448 1158 3543; x_wconf 89' lang='lat' dir='ltr'>nobilibus,</span> <span class='ocrx_word' id='word_1_200' title='bbox 1175 3453 1290 3550; x_wconf 90' lang='lat' dir='ltr'>imple-</span> 
     </span>
     <span class='ocr_line' id='line_1_26' title="bbox 270 3555 1291 3653; baseline 0.006 -27"><span class='ocrx_word' id='word_1_201' title='bbox 270 3577 371 3653; x_wconf 92' lang='lat' dir='ltr'>toque</span> <span class='ocrx_word' id='word_1_202' title='bbox 404 3559 552 3653; x_wconf 85' lang='lat' dir='ltr'>protinus</span> <span class='ocrx_word' id='word_1_203' title='bbox 591 3555 722 3650; x_wconf 85' lang='lat' dir='ltr'>fossato,</span> <span class='ocrx_word' id='word_1_204' title='bbox 760 3559 968 3630; x_wconf 87' lang='lat' dir='ltr'>instntmenta</span> <span class='ocrx_word' id='word_1_205' title='bbox 991 3557 1004 3603; x_wconf 83' lang='lat'>⁸</span> <span class='ocrx_word' id='word_1_206' title='bbox 1029 3555 1143 3628; x_wconf 88' lang='lat' dir='ltr'>bellica</span> <span class='ocrx_word' id='word_1_207' title='bbox 1177 3583 1291 3632; x_wconf 86' lang='lat' dir='ltr'>contra</span> 
     </span>
     <span class='ocr_line' id='line_1_27' title="bbox 270 3661 1290 3756; baseline 0.003 -24"><span class='ocrx_word' id='word_1_208' title='bbox 270 3685 381 3734; x_wconf 89' lang='lat' dir='ltr'>mutos</span> <span class='ocrx_word' id='word_1_209' title='bbox 400 3664 472 3735; x_wconf 92' lang='lat' dir='ltr'>sunt</span> <span class='ocrx_word' id='word_1_210' title='bbox 489 3669 612 3756; x_wconf 71' lang='lat' dir='ltr'>etesia3</span> <span class='ocrx_word' id='word_1_211' title='bbox 628 3677 642 3722; x_wconf 86' lang='lat'><strong>⁹</strong></span> <span class='ocrx_word' id='word_1_212' title='bbox 658 3661 856 3735; x_wconf 87' lang='lat' dir='ltr'>accesserunt</span> <span class='ocrx_word' id='word_1_213' title='bbox 871 3661 1018 3753; x_wconf 77' lang='lat' dir='ltr'>fossores,</span> <span class='ocrx_word' id='word_1_214' title='bbox 1035 3686 1071 3734; x_wconf 95' lang='lat' dir='ltr'>ut</span> <span class='ocrx_word' id='word_1_215' title='bbox 1085 3689 1196 3735; x_wconf 89' lang='lat' dir='ltr'>mutos</span> <span class='ocrx_word' id='word_1_216' title='bbox 1213 3663 1290 3736; x_wconf 91' lang='lat' dir='ltr'>deii·</span> 
     </span>
     <span class='ocr_line' id='line_1_28' title="bbox 271 3769 1291 3867; baseline 0.005 -30"><span class='ocrx_word' id='word_1_217' title='bbox 271 3789 389 3857; x_wconf 88' lang='lat' dir='ltr'>cetent,</span> <span class='ocrx_word' id='word_1_218' title='bbox 416 3771 450 3840; x_wconf 78' lang='grc' dir='ltr'>δι</span> <span class='ocrx_word' id='word_1_219' title='bbox 466 3770 631 3840; x_wconf 86' lang='lat' dir='ltr'>Sarraceni</span> <span class='ocrx_word' id='word_1_220' title='bbox 649 3771 847 3842; x_wconf 86' lang='lat' dir='ltr'>econtrario</span> <span class='ocrx_word' id='word_1_221' title='bbox 867 3769 1027 3841; x_wconf 89' lang='lat' dir='ltr'>fodientes</span> <span class='ocrx_word' id='word_1_222' title='bbox 1048 3769 1172 3840; x_wconf 89' lang='lat' dir='ltr'>nostros</span> <span class='ocrx_word' id='word_1_223' title='bbox 1188 3771 1291 3867; x_wconf 89' lang='lat' dir='ltr'>impe·</span> 
     </span>
     <span class='ocr_line' id='line_1_29' title="bbox 270 3869 1290 3972; baseline 0.003 -28"><span class='ocrx_word' id='word_1_224' title='bbox 270 3869 413 3946; x_wconf 86' lang='lat' dir='ltr'>diebant.</span> <span class='ocrx_word' id='word_1_225' title='bbox 445 3881 597 3948; x_wconf 84' lang='lat' dir='ltr'>Attamen</span> <span class='ocrx_word' id='word_1_226' title='bbox 627 3899 694 3947; x_wconf 89' lang='lat' dir='ltr'>tam</span> <span class='ocrx_word' id='word_1_227' title='bbox 723 3875 853 3947; x_wconf 84' lang='lat' dir='ltr'>illorum</span> <span class='ocrx_word' id='word_1_228' title='bbox 883 3902 983 3972; x_wconf 93' lang='lat' dir='ltr'>quam</span> <span class='ocrx_word' id='word_1_229' title='bbox 1014 3877 1147 3947; x_wconf 87' lang='lat' dir='ltr'>istorum</span> <span class='ocrx_word' id='word_1_230' title='bbox 1177 3873 1290 3948; x_wconf 89' lang='lat' dir='ltr'>labore</span> 
     </span>
     <span class='ocr_line' id='line_1_30' title="bbox 270 3978 1410 4077; baseline 0.008 -26"><span class='ocrx_word' id='word_1_231' title='bbox 270 3980 392 4052; x_wconf 88' lang='lat' dir='ltr'>circum</span> <span class='ocrx_word' id='word_1_232' title='bbox 426 3979 541 4051; x_wconf 84' lang='lat' dir='ltr'>sellum</span> <span class='ocrx_word' id='word_1_233' title='bbox 576 3978 714 4077; x_wconf 86' lang='lat' dir='ltr'>aposloli</span> <span class='ocrx_word' id='word_1_234' title='bbox 744 3981 961 4054; x_wconf 83' lang='lat' dir='ltr'>Bartholomei</span> <span class='ocrx_word' id='word_1_235' title='bbox 990 4006 1029 4053; x_wconf 85' lang='lat' dir='ltr'>ex</span> <span class='ocrx_word' id='word_1_236' title='bbox 1057 3980 1192 4053; x_wconf 85' lang='lat' dir='ltr'>turribus</span> <span class='ocrx_word' id='word_1_237' title='bbox 1225 3997 1410 4060; x_wconf 58' lang='lat' dir='ltr'>unalitas</span> 
     </span>
    </p>
   </div>
   <div class='ocr_carea' id='block_1_5' title="bbox 268 4181 1367 4350">
    <p class='ocr_par' dir='ltr' id='par_1_9' title="bbox 268 4181 1367 4350">
     <span class='ocr_line' id='line_1_31' title="bbox 308 4181 1288 4254; baseline 0.004 -22"><span class='ocrx_word' id='word_1_238' title='bbox 308 4198 316 4232; x_wconf 88' lang='lat' dir='ltr'>t</span> <span class='ocrx_word' id='word_1_239' title='bbox 332 4182 359 4234; x_wconf 85' lang='lat' dir='ltr'>B.</span> <span class='ocrx_word' id='word_1_240' title='bbox 374 4181 527 4235; x_wconf 78' lang='lat' dir='ltr'>discedentes</span> <span class='ocrx_word' id='word_1_241' title='bbox 536 4211 571 4222; x_wconf 88' lang='lat'><em>-</em></span> <span class='ocrx_word' id='word_1_242' title='bbox 587 4203 602 4236; x_wconf 78' lang='lat' dir='ltr'>a</span> <span class='ocrx_word' id='word_1_243' title='bbox 615 4184 642 4234; x_wconf 82' lang='grc' dir='ltr'>Β.</span> <span class='ocrx_word' id='word_1_244' title='bbox 645 4183 750 4252; x_wconf 77' lang='lat' dir='ltr'>supplet.</span> <span class='ocrx_word' id='word_1_245' title='bbox 818 4185 941 4254; x_wconf 73' lang='lat' dir='ltr'>Algaaot.</span> <span class='ocrx_word' id='word_1_246' title='bbox 952 4213 988 4226; x_wconf 84' lang='lat'>-</span> <span class='ocrx_word' id='word_1_247' title='bbox 1005 4185 1059 4238; x_wconf 71' lang='lat'>63.</span> <span class='ocrx_word' id='word_1_248' title='bbox 1066 4182 1170 4254; x_wconf 73' lang='lat' dir='ltr'>supplet.</span> <span class='ocrx_word' id='word_1_249' title='bbox 1185 4211 1218 4223; x_wconf 93' lang='lat'><em>-</em></span> <span class='ocrx_word' id='word_1_250' title='bbox 1233 4183 1288 4246; x_wconf 81' lang='lat' dir='ltr'>7V.</span> 
     </span>
     <span class='ocr_line' id='line_1_32' title="bbox 268 4262 1367 4350; baseline 0.006 -36"><span class='ocrx_word' id='word_1_251' title='bbox 268 4263 744 4332; x_wconf 79' lang='lat' dir='ltr'>-3V.tum.-4V.tum.-5V.</span> <span class='ocrx_word' id='word_1_252' title='bbox 809 4262 1288 4333; x_wconf 67' lang='lat' dir='ltr'>ut.—-8V.inlltusla.—9V.eis&amp;a.</span> <span class='ocrx_word' id='word_1_253' title='bbox 1364 4345 1367 4350; x_wconf 25' lang='grc' dir='ltr'>Ι</span> 
     </span>
    </p>
   </div>
   <div class='ocr_carea' id='block_1_6' title="bbox 0 0 1848 5640">
    <p class='ocr_par' dir='ltr' id='par_1_10' title="bbox 0 0 1848 5640">
     <span class='ocr_line' id='line_1_33' title="bbox 0 0 1848 5640; baseline 0 5"><span class='ocrx_word' id='word_1_254' title='bbox 0 0 1848 5640; x_wconf 95' lang='lat' dir='ltr'> </span> 
     </span>
    </p>
   </div>
  </div>
 </body>
</html>
