3694 5626
540 559 590 610 ms
615 557 774 610 mutuas
799 555 999 610 rmsouum.
1235 536 1279 632 65

257 781 370 854 mitate
384 791 394 824 ¹
408 778 546 875 spiritus,
559 802 623 874 que
641 777 767 874 semper
781 778 919 851 nascitur
932 806 970 851 ex
983 783 1155 880 prosperis,
1165 811 1282 858 terram
1298 803 1356 850 ¹²¹7

256 885 517 978 conscendimus,
542 887 707 958 civitatem
732 885 874 958 eiusdem
892 889 1034 958 nominis
1051 915 1147 960 muro
1164 895 1198 962 dt
1216 916 1283 964 tur·

256 993 344 1066 ribus
370 991 479 1064 multis
509 993 667 1064 munitam
692 989 886 1064 obsedimus.
919 991 1053 1066 Civibus
1084 998 1117 1066 in
1145 998 1283 1070 insulam

258 1102 443 1173 ulteriorem
456 1097 581 1196 elapsis,
599 1099 710 1170 civitas
725 1096 869 1170 desolata
886 1100 1036 1171 irdnricos
1053 1103 1126 1172 suos
1144 1105 1197 1176 sue
1210 1105 1282 1176 soli·

257 1205 375 1280 tudinis
400 1207 528 1303 accepit
552 1205 713 1276 solatium.
745 1206 848 1276 Cuius
868 1205 995 1278 edificia
1013 1212 1147 1280 materia
1164 1214 1198 1281 ἃ
1215 1237 1283 1284 arte

256 1313 424 1413 fulgentia,
448 1317 558 1388 vineas
582 1316 617 1384 dt
633 1315 783 1410 pomeria
798 1314 861 1383 &c
879 1311 976 1384 nobis
999 1315 1220 1411 vendicantes,
1248 1321 1282 1391 in

234 1491 237 1496 .
255 1420 383 1494 labores
404 1421 543 1493 aliorum
567 1421 766 1509 intravimus,
793 1419 945 1514 ortosque
961 1423 996 1491 dt
1012 1423 1132 1512 vineas,
1152 1423 1231 1496 ficus
1249 1431 1283 1498 &

257 1526 345 1599 oleas
357 1530 392 1598 &
408 1553 509 1600 omne
521 1553 625 1626 genus
638 1525 760 1598 arboris
775 1525 936 1622 pomifere
949 1527 1151 1620 succidimus,
1168 1533 1282 1604 mahu-

256 1635 458 1730 meriamque
477 1634 622 1731 ipsorum
649 1634 745 1704 tantis
767 1629 931 1729 impensis,
954 1657 1046 1704 tanto
1066 1637 1281 1710 construssam

255 1741 401 1839 ingenio,
414 1766 450 1812 ut
461 1741 611 1814 referenti
623 1765 723 1813 nemo
736 1739 891 1827 crederet,
907 1738 949 1810 ad
962 1741 1167 1842 referendum
1179 1772 1281 1817 nemo

257 1846 427 1936 sufficeret,
441 1848 512 1919 solo
532 1849 733 1943 equavimus‚
754 1848 844 1916 cuius
860 1847 950 1944 ligna
964 1847 1129 1920 coloribus
1146 1852 1281 1952 fulgida,

255 1951 388 2027 floribus
413 1952 530 2046 excisis,
553 1957 587 2025 in
609 1953 722 2024 nostris
741 1967 756 1999 ²
774 1950 877 2024 usibus
904 1951 1085 2026 necessariis
1113 1955 1282 2056 deputavi·

255 2088 338 2154 mus,
362 2062 512 2157 &usque
535 2060 579 2132 ad
597 2060 686 2132 diem
714 2061 790 2130 lune
814 2058 937 2130 ibidem
954 2087 1192 2157 permanentes,
1210 2091 1282 2138 tan·
1294 2094 1354 2153 nug.
1366 2105 1387 2151 7.

257 2167 333 2240 dem
358 2169 485 2240 saturati
506 2168 627 2264 spoliis,
656 2166 805 2262 reliquias
829 2167 965 2239 civitatis
986 2191 1044 2262 per
1069 2169 1182 2265 ignem
1199 2174 1281 2244 iudi-

175 2277 415 2366 e.31.cavimus;
443 2261 584 2370 velisque'
615 2273 728 2346 levatis
745 2274 845 2368 usque
866 2273 909 2344 ad
932 2273 1040 2344 fauces
1056 2276 1151 2348 strieti
1173 2282 1282 2374 maris,

256 2381 348 2480 quod
365 2381 492 2453 Ostrior
515 2378 640 2458 dicunt,
669 2378 789 2450 eodem
816 2403 917 2452 vento
943 2381 1071 2452 &velo
1090 2383 1283 2478 volavimus,

256 2487 311 2562 ubi
325 2515 402 2560 euro
416 2490 447 2560 se
461 2511 664 2586 opponente,
685 2489 781 2584 super
792 2489 943 2559 anchoris
956 2494 1089 2560 nossem
1105 2493 1280 2590 exegimus.

156 2641 178 2686 p.
189 2624 243 2682 481.
256 2596 352 2668 Mane
367 2621 445 2668 vero
458 2597 562 2669 ventis
579 2591 756 2666 furentibus
773 2592 816 2665 ad
830 2595 968 2665 insulam
980 2594 1163 2694 predelam
1180 2598 1283 2671 redire

257 2699 402 2799 conpulsi
433 2699 554 2772 danma
581 2699 782 2798 &pericula
815 2702 849 2772 &
873 2702 990 2772 multas
1009 2705 1199 2800 pertulimus
1226 2732 1283 2778 an-

257 2809 382 2909 gustias.
410 2808 564 2906 Qatuor
580 2809 691 2903 itaque
708 2803 820 2878 diebus
840 2809 996 2878 continue
1013 2809 1221 2882 ascendendo
1239 2811 1281 2883 ad

256 2915 363 2986 celum
380 2912 662 2986 &descendendo
689 2913 789 3008 usque
813 2911 856 2984 ad
880 2911 999 2985 abissos
1024 2912 1172 2988 fluoibus
1196 2918 1283 2989 iratis

256 3023 365 3094 iaslati
381 3019 438 3092 sub
464 3019 578 3111 insula,
601 3043 716 3092 ventos
742 3020 889 3115 sequi&
914 3021 996 3090 mari
1012 3021 1195 3116 procelloso
1222 3051 1282 3096 nos

256 3129 471 3217 committere,
488 3123 581 3223 quod
593 3125 724 3222 plurimi
738 3122 943 3214 timebamus,
961 3124 1175 3199 iudicavimus
1193 3131 1282 3200 tutis-

255 3231 384 3324 fimum,
401 3230 481 3304 illud
497 3233 618 3304 Senece
640 3230 683 3302 ad
704 3229 861 3302 lucillum
886 3232 1079 3304 recolentes:
1096 3239 1130 3303 sn
1146 3243 1281 3330 tempusa

254 3344 467 3436 navigantibus
495 3342 540 3410 nil
570 3367 641 3432 eque
667 3341 828 3410 timendum
858 3367 945 3430 quem
973 3365 1092 3410 terram.
1120 3341 1281 3413 Anchoris

254 3447 365 3542 itaque
376 3449 482 3544 prima
497 3445 643 3519 sabbathi
656 3471 752 3516 mane
766 3444 890 3535 levatis,
902 3443 956 3516 sed
970 3441 1114 3540 pluribus
1127 3447 1160 3517 in
1174 3447 1280 3521 fundo
1293 3473 1351 3530 nug.
1366 3484 1401 3518 η.

253 3552 380 3644 τεῑίἆίἱε,
400 3554 446 3628 86
464 3579 562 3626 naves
578 3554 714 3624 statione
731 3552 846 3643 soluta,
864 3549 920 3622 ubi
937 3575 1004 3624 erat
1024 3551 1149 3649 spiritus
1165 3579 1281 3627 vento·

253 3683 327 3730 rum
353 3659 623 3757 &procellarum
647 3661 799 3757 impetus,
827 3657 903 3729 illuc
926 3656 1120 3747 serebantur,
1147 3659 1282 3732 fidei&

253 3761 411 3862 propofiti
438 3763 618 3836 scindentes
640 3766 809 3854 unitatem,
833 3764 1023 3836 necessitatis
1048 3790 1183 3862 urgente
1209 3767 1281 3835 arti·

254 3871 338 3940 culo.
370 3871 439 3940 Nos
461 3895 540 3943 vero
565 3872 600 3942 in
621 3895 755 3967 portum
779 3871 919 3968 Hispalis
943 3895 1076 3968 magne,
1105 3897 1168 3966 que
1193 3895 1281 3941 nunc

254 3974 365 4048 Sibilia
397 3974 524 4067 dicitur,
557 4000 626 4046 non
655 3974 720 4047 fine
747 4001 873 4074 magno
904 3976 1051 4073 periculo
1080 3978 1277 4049 intravimus.

255 4083 418 4154 Dominus
433 4107 543 4154 autem
560 4082 617 4176 qui
630 4080 762 4154 deducit
779 4081 821 4154 ad
836 4082 957 4154 inferos
973 4085 1008 4154 ἀ
1024 4081 1159 4172 reducit,
1176 4081 1280 4154 humi·

292 4331 302 4365 1
325 4315 357 4366 A.
370 4313 553 4384 magnimitate.
569 4341 602 4352 -
617 4310 727 4365 znosttis
739 4309 857 4364 mmmm
869 4309 895 4362 in
909 4313 937 4361 A.
