3694 5626
447 529 496 581 DE
515 529 690 582 IOHANNE
708 531 808 584 REGE
826 532 1054 585 IERUSALEM.
1191 534 1252 613 131

234 749 317 818 riam
333 744 525 832 habuerunt,
542 751 577 819 δι
591 749 803 839 ammirarius,
821 749 878 844 qui
898 750 984 820 mala
1002 748 1100 822 verba
1119 750 1259 842 dicebat,
1274 783 1333 832 ηις

235 850 281 923 ibi
306 877 451 924 mortuus
477 854 537 924 fuit
559 857 593 924 &
619 853 806 950 quindecim
828 855 892 944 aiij,
920 857 955 924 δε
979 857 1073 927 multi
1089 857 1262 929 Christiani

236 959 394 1032 vulnerari
410 963 444 1030 &
461 960 555 1031 multi
572 963 658 1055 equi,
683 965 718 1031 ἃ
736 961 780 1031 illi
805 985 881 1031 cum
903 951 1043 1033 iremore
1060 961 1261 1053 recesserunt,

236 1066 272 1134 ἃ
288 1067 386 1136 nostri
406 1091 483 1136 cum
499 1069 634 1140 vidioria
655 1069 884 1159 remanserunt,
913 1065 1081 1140 laudantes
1098 1068 1263 1140 Christum

236 1173 421 1244 &Beatum
440 1179 655 1248 Germanum.

287 1279 445 1353 XXXVH.
479 1287 512 1353 in
545 1281 598 1352 die
623 1279 916 1378 ttanffiguracionis
940 1281 1078 1350 Domini
1108 1305 1264 1378 ceperunt
1277 1312 1335 1370 aug.
1347 1325 1368 1374 ς.

237 1385 409 1485 Christiani
427 1377 589 1459 civitatem
606 1413 794 1486 expugnare
817 1390 851 1457 &
878 1383 1031 1456 fossatum
1057 1387 1203 1483 implere,
1228 1390 1263 1457 ἃ

239 1516 307 1562 erat
333 1489 379 1563 ibi
406 1493 486 1564 alius
516 1519 617 1585 catus,
646 1492 776 1564 indutus
804 1494 902 1582 ferro,
930 1493 963 1562 in
997 1516 1064 1586 quo
1095 1517 1163 1563 tota
1194 1493 1264 1589 spes

239 1597 497 1670 Christianorum
523 1599 674 1695 capiendi
702 1601 866 1670 civitatem
880 1625 959 1686 erat,
984 1602 1019 1669 &
1042 1599 1161 1695 Pagani
1179 1599 1263 1670 fece-

239 1729 314 1774 runt
346 1702 491 1802 signum,
520 1709 555 1776 δε
584 1707 672 1778 venit
701 1703 852 1776 soldanus
881 1731 969 1777 extra
1002 1701 1157 1774 fossatum
1192 1705 1265 1774 nos·

240 1833 337 1897 trum,
362 1814 397 1881 &
431 1835 547 1882 omnes
576 1811 748 1882 Christiani
781 1835 988 1882 cucurrerunt
1015 1811 1050 1880 in
1078 1808 1202 1902 sabulo,
1231 1812 1266 1880 &

239 1915 359 2012 Pagani
377 1918 521 1988 exierunt
541 1920 576 1986 ὅ(
592 1941 816 1987 cremaverunt
833 1939 953 2005 catum,
964 1919 998 1986 δε
1014 1917 1134 1986 mortui
1151 1920 1185 1987 &
1197 1917 1266 1988 vul·

240 2023 343 2092 nerati
372 2047 449 2093 tunc
478 2023 605 2094 suerunt
635 2022 728 2092 multi
759 2022 941 2111 Christiani,
970 2024 1005 2091 δε
1030 2023 1144 2114 sciatis,
1173 2021 1266 2118 quod

241 2129 387 2223 quinque
403 2153 493 2199 catos
518 2127 613 2200 nobis
630 2153 866 2217 cremaverunt,
891 2129 926 2198 ἀ
943 2127 1116 2224 plusquam
1133 2153 1265 2200 centum

241 2234 414 2305 Christiani
438 2259 500 2331 pro
518 2237 562 2306 eis
582 2237 703 2307 mortui
721 2235 859 2324 fixerunt,
886 2237 920 2304 &
938 2235 1056 2330 Pagani
1081 2235 1173 2306 multi
1195 2236 1264 2306 fue·

242 2364 317 2410 runt
332 2341 470 2432 exaltati,
488 2341 659 2413 Christiani
675 2367 754 2414 vero
772 2337 967 2411 conturbati.

290 2447 415 2518 XXXV
419 2447 652 2520 {thndecimo
659 2445 711 2519 die
719 2447 853 2544 Augusti
862 2471 973 2516 comes
980 2443 1170 2518 deMarchia
1176 2473 1264 2518 mot·
1278 2481 1337 2540 Au„
1351 2493 1387 2526 u.

243 2579 315 2625 tuus
323 2554 556 2645 fuit,&comes
565 2554 606 2626 de
615 2556 756 2640 Niversa,
764 2579 839 2624 orto
849 2553 949 2643 maio,
958 2552 999 2624 de
1009 2555 1147 2624 exercitu
1159 2555 1266 2628 exivit.

243 2667 277 2732 ln
301 2660 355 2732 die
378 2658 611 2756 assumpcionis
633 2663 727 2732 Beate
748 2661 848 2732 Marie
877 2661 965 2756 capti
989 2659 1120 2730 fuerunt
1144 2660 1268 2756 septem
1281 2687 1340 2744 Aug.
1353 2697 1389 2745 ις.

242 2770 407 2840 Sarraceni
434 2765 629 2859 influmine,
654 2769 709 2863 qui
728 2764 918 2838 deferebant
943 2789 1045 2836 cartas
1063 2766 1211 2856 civitatis,
1234 2770 1269 2838 δι

244 2901 341 2948 mane
359 2873 401 2946 ad
419 2872 562 2945 dedecus
578 2875 781 2971 Paganorum
798 2899 900 2960 aures,
920 2897 1012 2942 nares
1026 2874 1060 2942 &
1077 2869 1207 2944 brachia
1224 2874 1268 2944 eis

244 2980 377 3054 absciffa
402 2981 541 3070 fuerunt,
570 2983 605 3052 ἃ
628 2981 713 3050 foras
736 2979 873 3074 proiecti
903 2979 1032 3049 fuerunt
1058 3001 1212 3072 quattuor
1235 2984 1269 3052 &

243 3090 296 3180 aiij
313 3090 347 3159 in
369 3090 543 3178 civitatem,
570 3089 604 3159 δι
620 3089 786 3158 Sarraceni
808 3111 912 3156 unum
939 3084 981 3156 de
1006 3085 1120 3156 nostris
1143 3109 1269 3158 trunca·

243 3219 368 3268 verunt.
399 3199 433 3264 in
463 3198 584 3266 ossavo
614 3191 746 3264 decimo
774 3191 827 3264 die
858 3192 1003 3290 Augusti,
1034 3217 1180 3263 mortuus
1210 3195 1343 3271 fuitAug.
1357 3211 1391 3258 rs.

245 3327 356 3374 comes
374 3299 415 3372 de
432 3301 501 3372 Bar.

292 3407 436 3480 XXXIX.
463 3411 496 3478 In
526 3405 579 3478 die
604 3407 710 3477 Sandii
738 3405 960 3476 Bartholomei
985 3407 1102 3474 iterum
1123 3431 1269 3480 armave·
1284 3432 1393 3489 nuum

245 3541 319 3588 tunt
336 3514 507 3586 Christiani
524 3539 635 3610 cogas,
661 3511 716 3584 ubi
745 3513 873 3583 fuerunt
898 3511 990 3598 scale,
1017 3515 1052 3581 ἃ
1082 3537 1140 3608 pre
1165 3513 1270 3582 nimio

245 3625 336 3694 cursu
353 3620 496 3693 fluminis
521 3647 589 3692 non
612 3645 787 3717 potuerunt
809 3621 1075 3717 appropinquate
1101 3619 1272 3692 civitati&

246 3731 336 3802 nullo
357 3727 462 3800 modo
478 3726 630 3802 valebant
646 3753 719 3798 eam
741 3754 937 3826 expugnare.
967 3728 1063 3798 Tunc
1090 3751 1147 3822 per
1164 3726 1271 3820 supet·

244 3835 334 3908 biam
351 3835 508 3933 peditum,
528 3837 584 3930 qui
598 3833 760 3926 dicebant,
778 3860 893 3906 omnes
911 3834 1103 3928 capitaneos
1118 3830 1181 3903 effe
1196 3857 1272 3928 pro-

247 3941 379 4033 ditores,
404 3943 578 4012 statuerunt
603 3967 750 4038 pugnare
776 3967 852 4011 cum
874 3939 1053 4012 Sarracenis
1079 3941 1112 4009 in
1140 3945 1273 4034 campo,

247 4053 283 4122 ἃ
299 4074 379 4148 gens
397 4049 504 4120 nostra
520 4049 554 4118 in
571 4072 634 4118 tres
651 4072 758 4145 partes
771 4045 870 4119 divisa
887 4046 947 4116 fuit
964 4079 973 4136 3
992 4069 1057 4116 una
1075 4069 1149 4140 pars
1168 4047 1273 4115 custo·

249 4155 359 4228 diebat
380 4157 553 4244 civitatem,
579 4154 640 4226 aiia
656 4155 714 4226 ivit
730 4180 788 4256 per
807 4179 939 4250 aquam,
965 4152 1028 4222 alia
1047 4175 1107 4254 per
1127 4148 1274 4226 sabulum

250 4259 376 4340 siccum.
