3688 5640
560 495 606 576 32

480 733 547 780 ¹217·
560 711 692 802 cecidit,
721 739 783 788 nec
813 735 923 784 tamen
947 725 957 760 ¹
983 713 1087 808 patuit
1117 711 1241 804 aditus;
1274 712 1407 784 interior
1435 711 1577 809 namque

560 843 634 915 pars
660 822 745 892 muri
768 820 911 917 perstitit,
938 820 993 914 qui
1014 843 1149 915 propter
1168 815 1386 906 latimdinem,
1411 818 1527 892 decem
1543 823 1578 892 δι

561 931 638 997 otro
656 925 756 1022 pedes
777 927 1011 1015 continentem,
1035 949 1104 996 non
1126 947 1254 1020 poterat
1275 926 1401 1022 attingi.
1431 927 1577 998 Proxima
1589 951 1624 1011 a,
1634 968 1658 1014 p.
1667 965 1789 1012 ιιμι.

400 1043 513 1105 Septemb·
524 1058 546 1105 9·
560 1059 637 1104 vero
655 1034 824 1129 sequenti²
843 1033 920 1104 feria
940 1031 1013 1128 post
1027 1032 1230 1106 nativitatem
1250 1031 1345 1102 Beate
1361 1033 1471 1122 Marie,
1497 1057 1577 1106 con·
1739 1027 1742 1032 ’

558 1163 717 1212 venerunt
729 1137 772 1210 ad
786 1163 896 1210 muros
913 1155 1066 1234 quarmor
1081 1138 1328 1209 sarracenorum
1340 1163 1431 1234 reges
1447 1139 1481 1209 in
1495 1139 1577 1212 mul·

559 1244 695 1317 titudine
713 1246 823 1334 nimia,
841 1242 1031 1316 adtentum
1051 1242 1138 1314 milia
1156 1267 1271 1314 taxata.
1293 1243 1341 1314 Illi
1359 1269 1464 1340 prope
1481 1245 1577 1317 chril-

559 1354 664 1424 tianos
687 1349 728 1422 ad
759 1375 859 1422 unam
882 1349 1033 1420 leucam³
1054 1347 1149 1420 fixere
1173 1349 1322 1436 tentoria,
1349 1349 1495 1424 volentes
1521 1377 1578 1424 eos

559 1457 672 1556 fugare
684 1481 740 1528 aut
753 1457 879 1553 penitus
892 1455 1062 1551 captivare.
1080 1454 1252 1526 Christiani
1268 1453 1310 1526 de
1321 1481 1433 1553 pugna
1447 1482 1580 1554 propter
1591 1478 1633 1536 ν,
1644 1475 1662 1523 r.
1675 1489 1698 1537 3,
1708 1479 1741 1534 ιο,
1753 1491 1773 1522 e.
1786 1488 1807 1522 ι.

559 1589 720 1658 equorum
736 1560 957 1660 indigentiam
971 1559 1165 1651 diffidentes,
1183 1558 1303 1632 foliato
1317 1561 1461 1634 citillrme
1479 1563 1579 1655 fillo,

559 1669 591 1740 se
602 1674 636 1741 &
649 1670 702 1740 sua
717 1667 945 1764 precluserunt‚
960 1664 1016 1737 sed
1028 1668 1237 1763 omnipotens
1251 1669 1351 1758 Deus,
1371 1670 1428 1764 qui
1437 1673 1580 1764 superbis

559 1783 687 1872 refiflms
703 1777 864 1846 humilibus
872 1778 961 1868 suum
979 1777 1032 1844 dur
1047 1780 1182 1868 graciam
1200 1771 1288 1862 (lae,
1301 1793 1350 1863 IV,
1364 1774 1414 1864 ὁ),
1428 1773 1579 1874 dignatus

559 1882 604 1952 est
621 1882 694 1952 suos
721 1880 906 1950 confortare
930 1879 963 1948 in
987 1903 1125 1965 rantum,
1153 1902 1188 1948 ut
1210 1880 1244 1948 in
1260 1879 1332 1974 ipso
1350 1878 1458 1952 medie
1474 1883 1580 1952 nouis

558 1988 662 2083 spatio
680 1984 775 2056 nobis
799 1987 833 2056 in
858 1984 1011 2055 auxilium
1035 1987 1173 2055 mitteret
1194 1985 1330 2072 Petrum,
1358 1987 1545 2084 magistrum
1564 1999 1581 2046 4

558 2090 1581 2187 milicieTemplariorum,citra5mareDeomilitancium3mane

384 2211 496 2274 Sertemb·
511 2225 546 2259 ¹1·
559 2223 668 2269 autem
677 2197 764 2268 fallo
776 2195 949 2268 festivitatis
959 2194 1105 2266 Prothi&
1116 2195 1274 2286 lacinti‚in
1284 2196 1431 2269 elatione
1440 2199 1581 2270 maxima

559 2302 695 2401 predidli
709 2327 801 2399 reges
818 2323 945 2398 aparte
962 2301 1109 2373 orientali
1121 2299 1164 2372 ad
1179 2326 1327 2399 pugnam
1339 2304 1410 2374 lunt
1430 2303 1579 2376 ordinati.

561 2412 606 2479 At
630 2407 799 2494 christiani,
829 2409 971 2478 minores
1001 2406 1134 2502 quidem
1162 2433 1311 2498 numero,
1341 2408 1395 2481 led
1426 2411 1580 2482 forciores

559 2515 686 2602 merim,
705 2514 775 2584 suas
787 2515 876 2585 'acies
894 2510 1005 2584 debito
1022 2515 1197 2584 struxerunt
1213 2513 1329 2586 ordine
1349 2539 1476 2611 aparte
1494 2518 1582 2586 occi·

559 2619 680 2692 dentali
686 2654 696 2711 3
714 2619 759 2690 illi
771 2617 900 2710 viribus,
917 2619 965 2688 isti
976 2616 1041 2688 fide
1055 2617 1231 2692 confident.
1251 2622 1294 2689 At
1307 2621 1472 2711 Martinus,
1490 2646 1582 2692 com·

560 2725 733 2798 mendator
759 2725 904 2816 Palmele,
941 2749 1058 2820 parvus
1089 2723 1223 2819 quidem
1248 2750 1400 2822 corpore,
1430 2725 1581 2799 sednon

559 2835 666 2929 impar
681 2831 770 2902 leoni
782 2827 888 2900 cordis
901 2829 1076 2920 ferocitate,
1090 2830 1242 2902 vexillum
1254 2830 1365 2902 dextra
1377 2829 1506 2904 vibrans
1520 2832 1582 2903 rui·

558 2964 630 3010 ture
641 2940 655 2985 ⁶
666 2939 772 3036 gentis
790 2934 933 3008 medium
953 2939 1100 3032 prorupit
1116 2939 1150 3007 in
1168 2963 1297 3036 agmen,
1318 2940 1371 3008 cui
1387 2964 1456 3010 non
1474 2940 1583 3010 minor

558 3042 629 3141 ipso
654 3043 797 3140 iungitur
820 3039 853 3112 in
879 3065 992 3140 pugna
1010 3043 1126 3134 Petrus,
1153 3043 1271 3114 milicie
1286 3043 1417 3142 Templi
1434 3043 1583 3142 prelatus,

560 3173 643 3246 quos
667 3145 821 3218 audadler
847 3147 986 3241 sequitur
1006 3169 1074 3218 non
1104 3149 1209 3246 segnis
1232 3145 1325 3220 turba
1350 3151 1490 3221 suorum.
1518 3148 1583 3220 Hic

559 3267 687 3352 equus7
706 3253 885 3349 opponitur
907 3254 1009 3348 equis,
1037 3251 1089 3324 hic
1110 3251 1234 3325 ensrbus
1258 3251 1347 3326 enlis.
1380 3255 1445 3326 Hic
1462 3255 1583 3352 clipeus

558 3360 681 3458 clipeis,
702 3357 755 3428 hic
771 3353 886 3428 obruta
904 3355 1019 3428 callide
1037 3355 1135 3429 callis.
1163 3357 1256 3454 Qrid
1272 3359 1381 3430 multis
1398 3365 1582 3431 moramur?
1595 3385 1662 3446 inp.
1674 3397 1729 3442 ιη,
1740 3399 1761 3428 e„
1773 3395 1793 3429 ι.

558 3467 667 3538 Virtus
694 3461 805 3534 divina
828 3459 981 3560 superbos
1005 3461 1185 3537 humiliavit
1206 3463 1403 3561 humilesque
1426 3467 1498 3536 suos
1517 3468 1584 3538 vit-

558 3595 645 3644 tores
668 3566 789 3658 effecit3
814 3591 892 3638 nam
918 3591 999 3638 unus
1020 3563 1066 3639 ibi
1089 3595 1205 3666 regum
1227 3571 1258 3640 in
1279 3571 1386 3666 primo
1411 3567 1583 3668 congressu

559 3673 686 3766 cecidit,
712 3675 747 3744 dt
770 3695 951 3743 ceterorum
973 3673 1216 3745 interfetlorum
1239 3701 1306 3746 non
1334 3677 1378 3746 est
1394 3701 1548 3748 numerus
1571 3673 1637 3752 lv„
1648 3693 1665 3742 f.
1675 3709 1697 3756 3,
1708 3701 1745 3754 vo,
1756 3707 1812 3741 ω.

558 3803 664 3880 preter
681 3779 839 3878 captivos,
858 3779 913 3873 qui
926 3777 1042 3850 infiniti
1055 3803 1153 3851 erant.
1168 3779 1238 3851 Nec
1250 3773 1460 3874 reticendum,
1478 3781 1583 3878 quod,

560 3887 640 3961 dum
661 3885 784 3983 captivi
800 3909 859 3983 per
876 3885 1050 3956 exercitum
1073 3883 1275 3974 ducerentur,
1290 3885 1469 3982 querebant
1496 3887 1584 3988 figna

598 4105 607 4138 r
632 4089 661 4140 V.
684 4100 745 4140 tunr.
768 4116 800 4127 -
819 4108 834 4141 a
855 4087 883 4140 B.
904 4085 1053 4155 &Ksalso
1104 4043 1172 4155 gam
1191 4115 1223 4126 -
1247 4087 1307 4148 47.
1328 4103 1510 4156 magnum-
1526 4108 1538 4155 ς
1555 4091 1583 4142 V.

561 4164 628 4218 sexta
653 4175 700 4234 pro
723 4164 850 4235 sequenti,
875 4168 939 4234 quad
960 4165 1050 4218 Amal.
1104 4165 1177 4218 cirea.
1197 4193 1230 4205 —
1251 4170 1267 4217 6
1292 4167 1321 4218 7.
1342 4169 1447 4220 russum.
1472 4195 1504 4208 -
1525 4187 1538 4232 7
1556 4167 1585 4222 B.

560 4243 636 4300 Cala
656 4261 725 4298 m.
743 4245 861 4315 praeest
881 4271 914 4284 -
936 4245 989 4310 3B.
1002 4245 1054 4297 len·
1107 4245 1186 4320 equis.
1202 4271 1233 4286 -
1248 4251 1263 4295 8
1280 4243 1308 4298 T.
1323 4263 1394 4302 unus.
