3688 5640
550 527 597 578 22
970 522 1185 576 ORDINACIO

597 741 888 830 itemsZacharias,
897 773 915 806 u
928 747 1071 838 Quorsus
1083 744 1123 810 od
1130 741 1290 832 Ierusalem
1301 746 1332 810 in
1346 743 1572 835 misericordiis,
1584 771 1604 817 s
1615 771 1631 819 t.
1643 783 1693 832 214
1703 773 1727 831 s,
1737 787 1759 818 e.
1769 783 1791 816 ι

549 849 784 938 &edificabitur
799 853 904 920 domus
920 877 983 918 meo
1002 855 1032 918 in
1050 876 1085 917 ea
1101 877 1119 911 u
1139 851 1180 939 (1,
1205 847 1273 937 16).

596 957 690 1026 ltem:
709 957 872 1026 Dominus
889 954 995 1026 noster
1007 953 1217 1048 conqueritur
1225 977 1284 1048 pet
1297 952 1459 1024 Micheam
1475 952 1572 1046 (vu),

547 1058 637 1155 quod
662 1059 810 1134 diabolus
836 1087 885 1132 tot
906 1063 990 1158 rapit
1010 1063 1044 1130 in
1070 1084 1191 1158 magna
1208 1062 1389 1154 quantitate
1408 1060 1450 1132 ad
1476 1061 1572 1132 inser·
1625 1051 1626 1055 ¹

546 1193 638 1258 num,
655 1166 746 1263 quod
763 1169 926 1238 Dominus
939 1167 1046 1238 noster
1062 1191 1185 1262 paucos
1204 1165 1302 1238 habet
1315 1170 1349 1237 δι
1362 1167 1488 1264 colligit
1504 1191 1572 1258 eos,

547 1270 624 1344 ficut
650 1277 704 1369 qui
730 1306 748 1339 n
764 1278 888 1369 colligit
910 1300 1043 1344 racemos
1060 1279 1128 1366 post
1145 1276 1387 1344 vindemiatores.
1408 1305 1426 1338 o
1446 1273 1573 1344 Michea

545 1379 598 1467 vij.
617 1382 723 1476 capite
740 1415 748 1452 t
768 1412 786 1446 α
800 1387 841 1454 Ve
857 1387 942 1468 milri,
961 1386 1032 1472 puio
1047 1383 1156 1472 fusius
1170 1383 1252 1472 sum,
1270 1387 1348 1476 ficus
1374 1385 1425 1472 qui
1449 1382 1572 1474 colligit

546 1492 577 1556 in
595 1513 756 1580 autumpno
780 1513 917 1557 racemos·
937 1489 1083 1557 vindemie
1098 1515 1116 1548 n
1144 1484 1265 1579 (Mich,
1283 1503 1348 1575 vn,
1372 1491 1416 1578 r).
1448 1482 1571 1556 Diabo-

544 1591 593 1663 lus
606 1593 694 1662 enim
707 1592 750 1663 ad
768 1594 799 1662 se
816 1593 900 1688 rapit
918 1594 952 1662 in
971 1591 1136 1662 infernum
1153 1589 1319 1686 superbos,
1336 1589 1477 1681 invidos,
1494 1617 1570 1664 ava·

543 1724 608 1786 ros,
626 1697 810 1788 iracundos,
827 1695 1018 1786 accidiosus,
1040 1697 1183 1794 gulosos,
1207 1696 1397 1786 luxuriosos,
1415 1699 1571 1792 periuros,

544 1804 638 1876 salsos
668 1805 774 1892 testes,
805 1804 1012 1893 derraslores,
1043 1801 1237 1893 homicidas,
1270 1807 1328 1899 qui
1355 1803 1571 1900 inperitentes

543 1912 736 2002 moriuntur,
750 1912 784 1981 ἀ
794 1935 844 1980 tot
853 1910 948 1980 falsos
957 1909 1168 2000 Christianos,
1177 1935 1260 2004 quos
1274 1911 1438 1981 Dominus
1448 1909 1544 2006 pauci
1559 1923 1568 1956 ¹

542 2013 648 2088 habet.
674 2017 770 2089 Secus
787 2041 867 2114 ergo
885 2013 948 2088 else
966 2041 1042 2086 cum
1061 2015 1190 2086 Christo
1207 2019 1241 2086 ἃ
1257 2015 1395 2088 evadere
1412 2016 1570 2111 elaqueis

544 2121 677 2214 diaboli,
694 2125 786 2221 surge
799 2148 875 2194 cum
888 2149 963 2195 vera
976 2125 1180 2193 contricione
1193 2125 1227 2193 ὅ(
1240 2121 1425 2195 devocione
1442 2125 1477 2192 &
1490 2123 1568 2192 reci·

543 2231 612 2326 pias
629 2227 767 2327 sigillum
784 2231 885 2300 crucis
902 2229 1054 2325 superte,
1079 2231 1113 2298 &
1138 2231 1197 2300 eris
1214 2227 1374 2300 hereditas
1396 2229 1515 2299 Christi
1540 2230 1570 2298 ei

542 2360 601 2430 per
617 2359 746 2406 crucem
763 2335 957 2408 confirmata
973 2333 1060 2430 quast
1078 2359 1136 2430 per
1160 2359 1295 2425 cartam,
1311 2338 1346 2406 &
1362 2337 1396 2406 in
1421 2359 1453 2405 te
1477 2333 1568 2405 habi·

541 2439 624 2513 tabit
633 2439 719 2536 quast
728 2443 760 2511 in
771 2441 896 2538 templo
910 2442 977 2512 suo.
993 2442 1081 2512 Dicit
1094 2443 1181 2512 enim
1195 2441 1371 2536 apostolus,
1382 2473 1400 2506 o
1413 2443 1567 2536 Templum

532 2552 672 2642 sensium
680 2553 754 2635 Dei,
764 2551 844 2640 quod
852 2555 919 2640 estis
927 2575 979 2618 uos
988 2578 1005 2610 u
1017 2551 1050 2641 (1
1062 2549 1213 2638 Cor.,111,
1223 2545 1292 2644 16),
1301 2549 1376 2618 &in
1391 2548 1568 2619 Dominica

541 2655 689 2724 oratione
706 2655 846 2749 petitur:
875 2685 893 2717 s
910 2659 1003 2724 Porer
1019 2660 1124 2744 noster,
1141 2657 1281 2724 adveniat
1297 2681 1422 2748 regnum
1438 2679 1530 2743 suurn,
1546 2685 1564 2718 υ

539 2757 658 2829 scilicet
674 2761 783 2830 veniat
800 2757 842 2830 ad
859 2784 910 2850 te3
936 2757 957 2829 st
978 2784 1057 2856 ergo
1076 2759 1227 2830 homines
1245 2759 1319 2830 sunt
1335 2761 1400 2830 eius
1417 2785 1566 2857 regnum,
1580 2788 1602 2832 u
1614 2786 1631 2834 r.
1642 2787 1672 2846 ⁶3
1683 2785 1705 2845 s,
1717 2801 1737 2834 e
1749 2801 1772 2834 ι.

539 2865 606 2960 ipse
623 2865 656 2934 in
673 2866 717 2936 eis
731 2862 888 2963 regnabit.
903 2865 948 2938 Ut
960 2865 1027 2961 ipse
1040 2890 1120 2962 ergo
1134 2865 1168 2935 in
1181 2889 1212 2936 te
1225 2889 1349 2962 regnet,
1364 2867 1400 2935 δε
1413 2889 1446 2935 tu
1460 2866 1567 2962 ipsum

539 2969 658 3042 habeas
688 2975 723 3042 &
750 2971 891 3069 gloriam
919 2995 1076 3062 eternam,
1104 2972 1194 3042 sume
1218 2996 1349 3042 crucem
1375 2971 1566 3068 &sequere

540 3076 684 3150 ihesum!

589 3188 688 3254 ltem:
712 3189 744 3254 ln
761 3184 903 3254 Camico
926 3183 980 3254 ult.
1009 3207 1095 3280 cap.,
1121 3215 1139 3248 n
1160 3191 1243 3256 Pone
1270 3213 1316 3254 me
1333 3211 1366 3254 ut
1374 3185 1564 3281 fignaculum

424 3347 428 3364 .
529 3293 625 3384 super
653 3318 704 3361 cor
732 3289 838 3382 Tuum,
868 3317 900 3361 ut
919 3292 1110 3386 fignaculum
1130 3294 1226 3386 super
1257 3294 1426 3360 lroccltium
1456 3291 1562 3378 Tuum,

538 3403 609 3487 quia
618 3401 719 3488 fortis
735 3403 784 3487 est,
805 3423 837 3466 ur
850 3423 940 3486 mors,
958 3400 1097 3466 dileccio.
1116 3427 1133 3458 u
1153 3397 1317 3467 Dominus
1338 3397 1445 3468 noster
1460 3395 1563 3467 lhesus

538 3500 681 3573 Christus
699 3502 752 3572 hic
770 3503 884 3574 invitat
901 3527 932 3573 te
944 3500 987 3572 ad
1005 3503 1231 3597 sumptionem
1248 3503 1351 3573 crucis
1363 3505 1398 3572 &
1415 3499 1563 3573 incorde

538 3609 572 3676 &
591 3607 625 3676 in
643 3631 752 3703 opere.
778 3609 866 3680 Dicit
886 3609 1001 3679 enim:
1032 3615 1115 3678 Pone
1140 3635 1196 3698 me,
1219 3606 1338 3678 scilicet
1360 3605 1560 3696 crucifixum,

537 3709 635 3783 tribus
663 3712 760 3784 clavis
786 3713 904 3804 ferreis,
926 3714 1042 3784 lancea
1059 3713 1271 3809 perforatum,
1289 3711 1501 3811 flagellatum,
1519 3713 1561 3786 ab

537 3817 723 3890 hominibus
748 3818 897 3910 derisum,
922 3823 1017 3918 super
1043 3845 1101 3890 cor
1121 3844 1214 3890 tuum
1231 3846 1290 3917 per
1303 3821 1560 3918 compassionem

537 3927 571 3994 &
588 3923 688 3996 fidem
705 3951 740 3996 ut
755 3923 969 4023 fignaculum3
995 3951 1072 3996 crux
1088 3927 1177 3998 enim
1194 3927 1238 3996 est
1255 3925 1394 4024 figillum
1410 3929 1559 4018 Domini,
1658 3931 1662 3936 “

537 4030 629 4126 quod
654 4035 793 4104 maxime
810 4033 901 4104 timet
925 4029 1085 4124 diabolus,
1103 4035 1179 4128 quia
1200 4034 1235 4104 in
1261 4057 1354 4104 cruce
1370 4031 1560 4106 vincebatur

576 4259 584 4291 r
601 4241 631 4307 A,
644 4241 743 4310 Bquod
758 4281 762 4289 .
776 4281 782 4294 .
798 4257 917 4311 ,paucos
