3694 5626
547 427 594 503 60
828 445 878 498 ua
904 445 1061 498 rrruuuu
1086 444 1287 498 rutsouuru.

462 699 519 744 1217
546 691 599 736 ere
613 661 800 761 perturbato
812 687 947 760 propter
959 661 1026 734 dies
1038 663 1247 734 interlunares
1272 663 1398 759 semper
1414 663 1571 760 navigan·
1582 701 1601 732 c.
1614 686 1653 732 2⁶.

546 769 630 841 tibus
648 769 822 865 suspectos,
848 793 960 840 comes
985 767 1027 840 de
1042 768 1167 841 Wetha
1188 769 1292 842 ventis
1317 766 1520 840 suadentibus
1537 769 1570 840 se

547 877 628 946 mari
645 871 807 944 commisit
823 899 900 945 cum
913 873 1021 944 multis
1036 871 1182 946 navibus.
1200 871 1330 971 Quibus
1342 896 1443 944 vento
1460 899 1570 970 oppo-

546 977 616 1070 sito,
638 977 762 1050 nebulis
783 977 942 1050 &imbre
964 977 1108 1068 difieslis,
1134 1005 1199 1049 una
1219 981 1255 1049 in
1279 978 1431 1075 scopulos
1457 978 1571 1050 incidit

547 1085 716 1175 Britannie,
744 1109 808 1180 que
827 1085 919 1156 salvis
945 1083 1131 1155 hominibus
1148 1109 1225 1156 curn
1239 1097 1248 1130 ¹
1263 1084 1365 1156 multa
1382 1111 1490 1156 rerum
1507 1085 1570 1156 iac·

435 1209 485 1255 run.
497 1221 519 1270 ς.
546 1215 617 1262 tura
635 1188 779 1287 deperiit.
802 1191 872 1260 Nos
893 1190 991 1288 igitur
1014 1191 1159 1286 sequenti
1180 1189 1232 1262 die
1253 1215 1330 1261 cum
1346 1193 1469 1261 comite
1486 1191 1570 1262 Hol-

435 1324 484 1370 ιω.
496 1337 517 1382 7.
545 1294 654 1368 landie
668 1297 868 1366 Britanniam
880 1294 1093 1388 advertentes,
1107 1320 1221 1391 quarta
1234 1296 1312 1368 seria
1322 1321 1457 1393 portum
1465 1297 1573 1368 Sanlli

547 1403 682 1475 Mattbei
698 1406 873 1501 attigimus,
891 1401 946 1474 ubi
960 1401 1103 1474 secundo
1116 1403 1262 1499 perleslis
1280 1402 1573 1497 constitutionibus,

547 1533 634 1580 totus
659 1508 779 1580 eisdem
802 1507 927 1607 legibus
947 1509 1108 1582 servandis
1125 1509 1157 1580 se
1174 1509 1314 1580 astrinxit
1330 1509 1494 1582 exercitus.
1521 1511 1574 1582 Se·

437 1633 488 1681 run.
501 1645 535 1680 11.
549 1616 659 1710 quenti
676 1641 753 1686 vero
776 1612 829 1685 die
850 1614 1021 1686 dominico
1043 1615 1172 1686 mutatis
1189 1613 1340 1685 custodiis
1358 1616 1472 1685 comiti
1488 1615 1572 1686 Hol-

548 1719 658 1792 landie
686 1719 883 1816 preducatus
909 1723 944 1792 ἃ
971 1720 1139 1791 marscallo
1157 1716 1348 1792 Coloniensi
1364 1717 1573 1816 postducatus

548 1827 910 1898 committitur.P0rtum
919 1829 1027 1898 Sancti
1036 1827 1157 1897 Mathei
1173 1826 1332 1920 liquentes
1341 1825 1488 1921 aquiloni
1501 1827 1574 1898 vela

546 1932 736 2022 laxavimus,
761 1934 817 2026 qui
843 1931 1054 2005 Ulixibonam
1082 1929 1289 2004 tendentibus
1316 1957 1392 2002 cum
1420 1931 1573 2004 omnibus

548 2037 609 2108 suis
631 2037 867 2109 collateralibus
888 2039 931 2109 est
951 2038 1045 2110 utilis.
1072 2039 1186 2110 Ventis
1207 2041 1315 2134 itaque
1333 2038 1493 2134 prosperis
1519 2037 1574 2109 sed

436 2145 643 2214 unianimis
660 2142 784 2214 lenibus
801 2142 856 2234 ufi,
876 2145 960 2215 sexta
976 2145 1055 2215 seria
1071 2145 1221 2241 proxima
1237 2143 1334 2214 Pbare
1356 2145 1574 2239 pervenimus,

548 2247 641 2343 quod
670 2251 713 2320 est
745 2249 909 2347 oppidum
935 2249 1063 2320 Calicie
1092 2247 1182 2321 dives
1211 2248 1406 2341 admodum,
1439 2273 1574 2345 portum

549 2353 669 2426 habens
686 2353 876 2448 flexuosum,
894 2379 979 2426 turre
996 2353 1122 2425 sublimi
1133 2353 1315 2453 prefignata
1329 2382 1346 2427 a
1362 2354 1440 2424 lulio
1455 2356 1573 2430 Cesare
1585 2387 1606 2432 r·
1617 2383 1673 2432 479·

435 2485 483 2532 run.
501 2461 739 2542 17.construsla.
756 2460 902 2534 Navibus
919 2463 1028 2556 itaque
1045 2463 1078 2531 in
1093 2485 1163 2532 tuto
1177 2459 1346 2558 dispositis,
1363 2463 1508 2557 sequenti
1520 2462 1573 2536 die

548 2569 654 2638 versus
667 2569 928 2666 Compostellam
945 2571 1002 2640 iter
1019 2593 1194 2664 arreptum,
1210 2594 1269 2664 per
1287 2566 1376 2639 diem
1392 2570 1426 2638 ὅ(
1441 2573 1574 2642 tiodiem

548 2675 703 2746 continue
728 2673 923 2767 laborantes,
950 2677 1002 2747 vix
1021 2675 1233 2746 confecimus.
1259 2673 1357 2748 Unde
1373 2675 1446 2772 post
1464 2675 1575 2747 oblata

550 2783 624 2853 Deo
640 2785 674 2853 ὅ(
690 2779 788 2853 beato
805 2781 957 2879 apostolo
974 2779 1127 2851 sacrificia
1143 2778 1266 2869 reversi,
1290 2807 1349 2876 per
1366 2806 1489 2852 novem
1506 2779 1575 2852 dies

548 2891 652 2959 ventis
671 2885 828 2984 oppositis
847 2887 944 2958 Phare
965 2889 1073 2958 sumus
1092 2885 1222 2958 detenti.
1244 2887 1386 2958 Hortatu
1404 2888 1502 2984 igitur
1519 2913 1574 2958 co·

550 2995 635 3064 mitis
653 2993 841 3084 Hollandie,
871 2995 927 3090 qui
948 2992 989 3064 ab
1009 2993 1124 3063 incolis
1141 2991 1309 3080 didicerat,
1340 2991 1432 3088 quod
1455 2991 1495 3064 ab
1518 2995 1574 3064 illo

550 3125 647 3198 portu
665 3103 768 3172 ventis
781 3101 993 3173 Ulixibonam
1004 3114 1018 3146 ²
1030 3095 1205 3170 ferentibus
1216 3100 1299 3169 exire
1316 3124 1385 3170 non
1398 3097 1575 3195 possemus,

549 3209 655 3280 versus
670 3209 869 3279 Britanniam
882 3205 929 3290 ,ad
943 3208 1036 3276 unius
1055 3205 1184 3276 miliaris
1202 3206 1438 3278 estimationem
1451 3205 1574 3294 revers,

548 3335 685 3412 portum
698 3316 876 3410 optimum,
895 3339 995 3409 quem
1009 3311 1072 3382 Tui
1085 3324 1096 3370 ³
1109 3309 1233 3401 dicunt,
1250 3313 1333 3382 inter
1346 3309 1429 3382 duos
1447 3337 1575 3384 montes

553 3447 664 3492 aereos
680 3419 906 3517 complicitum
924 3419 1121 3490 intravimus.
1136 3419 1246 3513 Aquo
1260 3421 1294 3489 in
1309 3419 1389 3490 sesto
1409 3417 1574 3516 apostolo·

442 3547 541 3608 nmo
553 3553 624 3598 rum
641 3529 721 3599 Petri
736 3530 770 3598 δε
788 3527 873 3597 Pauli
890 3524 1054 3623 progressi,
1080 3526 1183 3597 ventis
1208 3521 1406 3597 instabilibus
1431 3551 1490 3623 per
1514 3549 1575 3598 tres

554 3633 621 3704 dies
645 3634 680 3703 δι
696 3637 809 3705 nostes
833 3633 942 3702 iaclati
965 3633 999 3702 in
1028 3627 1188 3722 fluctibus,
1213 3655 1328 3726 quarto
1353 3629 1407 3702 die
1424 3631 1576 3730 Portuga·

552 3741 630 3812 liam
655 3741 868 3837 pervenimus.
895 3739 960 3808 llic
986 3762 1100 3834 portus
1125 3734 1271 3807 saucibus
1296 3737 1424 3808 artis&
1440 3735 1575 3809 obiedlis

591 3973 600 4004 r
626 3953 734 4021 reptata
750 3955 917 4022 sequebantur
934 3950 1034 4002 verba.-
1129 3959 1306 4026 aSrquebatur
1320 3958 1486 4022 tendentibus,
1492 3959 1576 4024 statim

553 4033 636 4085 multis
650 4034 754 4085 navibus
767 4033 856 4102 quibus
866 4043 941 4084 vento
954 4047 1034 4098 oppo-
1087 4035 1248 4115 suppundqm
1260 4041 1321 4090 tnA.
1332 4068 1362 4077 -
1373 4039 1478 4105 3A.ruj;
1488 4055 1575 4091 manus

553 4111 736 4262 lffissffglizaej
751 4113 895 4178 transdut‘ra
901 4111 984 4182 stasim
991 4115 1033 4168 de·
1087 4115 1201 4188 fecunda
1220 4117 1246 4170 in
1258 4135 1337 4186 marg.
1347 4117 1447 4187 scripsit
1457 4118 1518 4173 Tvi.
