3688 5640
577 533 619 606 18
976 545 1193 602 onnruacro

572 773 660 856 roris,
678 768 753 853 &c.,
772 769 842 837 nolo
861 793 982 837 mortem
1000 771 1166 854 morientis,
1185 767 1343 860 sedacio,
1366 791 1398 835 ur
1413 790 1599 836 convertatur

570 873 753 943 &vivata

620 985 720 1050 stem:
750 979 838 1050 Sicut
862 978 950 1074 spica
973 977 1128 1048 frumenti
1149 976 1275 1076 fulgure
1298 976 1445 1074 percussa
1467 977 1545 1048 fetet
1563 979 1598 1046 δι

570 1085 687 1156 nullius
714 1086 768 1175 est,
798 1081 838 1154 stc
857 1087 891 1153 ὅ(
909 1083 1012 1152 homo
1038 1081 1202 1179 percussus
1229 1085 1357 1180 fulgore
1381 1085 1503 1155 luxurie
1521 1083 1597 1153 fetet

568 1195 603 1262 δι
629 1192 746 1262 nullius
775 1191 818 1261 est
842 1191 876 1260 δι
900 1189 944 1260 esi
971 1187 1124 1260 obscurus
1155 1192 1351 1286 inpeccatis
1376 1193 1411 1260 δι
1436 1215 1556 1262 vacuus
1577 1215 1597 1258 a

567 1299 679 1395 gracia
703 1298 765 1368 Dei
789 1299 824 1367 ἃ
851 1295 914 1366 Dei
942 1296 1030 1382 luce,
1067 1293 1144 1366 sicut
1174 1297 1262 1392 spica
1288 1297 1343 1368 illa
1372 1298 1466 1394 nigra
1494 1295 1539 1366 est
1562 1297 1596 1364 ἃ

567 1430 680 1475 vacua.

618 1515 716 1582 ltem:
735 1511 850 1580 Homo
867 1509 899 1579 in
915 1508 1022 1580 hieme
1035 1507 1125 1580 videt
1137 1509 1316 1581 hanelitum
1332 1509 1433 1600 suum,
1451 1510 1484 1578 in
1499 1508 1594 1578 estate

569 1642 796 1712 nequaquam;
819 1613 861 1686 src
883 1615 987 1686 horno
1015 1617 1047 1686 in
1069 1613 1255 1688 adversitate
1273 1617 1356 1686 &in
1375 1615 1498 1686 miseria
1514 1613 1594 1709 seip-

569 1724 638 1794 sum
655 1722 756 1813 videt,
775 1724 808 1792 in
823 1722 1035 1818 prosperitate
1052 1719 1243 1794 diviciarum
1255 1725 1290 1792 &
1303 1724 1407 1793 carnis
1425 1721 1594 1815 voluptate

569 1855 787 1924 nequaquam.

616 1940 694 2006 stem
712 1968 719 2005 :
737 1935 825 2005 Sicut
840 1961 927 2030 aqua
951 1933 1070 2005 cadens
1088 1937 1122 2004 in
1145 1959 1262 2006 terram
1279 1961 1347 2007 non
1366 1937 1531 2006 revertitur
1549 1933 1590 2004 ad

565 2067 632 2129 vas,
660 2040 747 2112 unde
771 2042 878 2128 exivit,
907 2039 949 2111 fic
966 2066 1028 2112 nec
1044 2067 1199 2138 peccator
1219 2043 1402 2138 inpenitens
1428 2041 1593 2112 revertitur

565 2147 608 2218 ad
627 2150 750 2238 Deum,
768 2173 787 2217 a
804 2160 872 2243 quo
889 2147 962 2243 post
978 2145 1175 2244 baptismum
1192 2149 1322 2220 recessit.

614 2259 708 2325 stem:
724 2257 811 2324 Acus
826 2278 1035 2349 comparatur
1049 2255 1216 2349 penitenti,
1235 2256 1310 2349 quia
1323 2255 1451 2352 pungit,
1464 2257 1499 2324 δι
1512 2279 1591 2324 con·

564 2359 679 2450 fitensi,
698 2361 776 2454 quia
790 2355 888 2430 habet
905 2362 1052 2430 foramen
1070 2385 1229 2456 apertum,
1247 2363 1282 2432 ἃ
1295 2362 1471 2459 resurgenti
1483 2386 1503 2431 a
1516 2386 1591 2456 pec-

565 2469 654 2556 catis,
673 2467 749 2560 quia
762 2489 910 2560 penetrat
922 2468 956 2536 ὅ(
970 2465 1097 2536 consuit
1109 2467 1239 2563 pellem,
1259 2477 1323 2562 q‘ue
1340 2469 1383 2538 est
1400 2465 1589 2538 demortuo

562 2571 704 2644 animali.

611 2681 708 2748 stem:
727 2677 878 2748 Peccator
890 2677 924 2746 in
938 2702 988 2748 tot
1002 2676 1182 2750 distrahitur
1195 2703 1312 2776 partes,
1328 2677 1371 2750 ad
1384 2703 1466 2776 quot
1478 2677 1588 2750 illicita

562 2782 742 2854 distrahitur
760 2785 887 2854 animus
904 2784 984 2855 illius
1008 2811 1066 2881 per
1085 2785 1286 2877 consensum,
1311 2783 1465 2882 opposito
1483 2783 1586 2855 modo

561 2889 605 2957 est
627 2889 719 2981 salus,
750 2889 885 2984 quando
908 2915 978 2962 tora
994 2893 1139 2964 intencio
1164 2895 1231 2964 eius
1253 2895 1429 2964 contraitur
1450 2891 1484 2962 in
1508 2893 1587 2962 cari·

562 3017 627 3064 tate
641 2993 684 3064 ad
698 2997 808 3066 Deum
822 3001 857 3068 &
872 2999 1036 3070 consuitur
1049 3023 1107 3095 per
1119 3001 1295 3096 penitentie
1308 3023 1404 3070 acum
1415 2996 1459 3069 ad
1471 2999 1585 3094 ipsum.

790 3167 840 3231 De
856 3167 1011 3232 vocacione
1028 3169 1178 3232 hominum
1195 3167 1236 3232 ad
1251 3191 1374 3234 crucem.

609 3309 697 3381 Sicut
715 3307 869 3380 dominus
892 3311 999 3382 noster
1024 3313 1103 3382 lesus
1127 3311 1281 3400 Christus,
1313 3309 1445 3408 quando
1466 3335 1584 3407 corpo·

559 3414 664 3486 taliter
692 3415 750 3486 fuit
771 3417 802 3486 in
831 3419 930 3506 terris,
960 3418 1106 3490 circuivit
1129 3419 1219 3490 suam
1236 3419 1398 3490 Gaiileam
1416 3415 1583 3512 querendo

559 3520 717 3610 infirmos,
737 3546 772 3592 ut
788 3547 845 3593 eos
864 3549 1001 3611 curaret,
1019 3521 1061 3594 src
1077 3523 1155 3594 facit
1171 3524 1275 3594 modo
1294 3524 1424 3622 Spiritus
1436 3525 1582 3612 sanctus,

558 3651 681 3700 vocans
694 3625 841 3700 infirmos
859 3629 899 3700 ad
917 3655 1057 3720 crucem,
1076 3653 1111 3700 ut
1123 3627 1164 3700 fic
1181 3632 1295 3702 iterato
1311 3631 1399 3702 saner
1411 3655 1479 3718 eos,
1498 3655 1581 3725 quo·

557 3735 646 3804 niam
665 3735 798 3830 Spiritus
815 3735 949 3806 Saniius
966 3760 1080 3808 monet
1098 3737 1222 3832 semper
1239 3739 1379 3826 interius,
1397 3759 1432 3806 ut
1448 3736 1582 3834 surgatis
1596 3761 1619 3806 a
1630 3758 1647 3805 f.
1659 3759 1721 3818 aas,
1733 3777 1754 3807 e.
1771 3775 1791 3808 ι.

556 3837 599 3910 ad
617 3866 756 3912 crucem.
776 3839 840 3910 Sed
857 3866 945 3928 car0‚
968 3841 1120 3930 munduS,
1148 3841 1295 3915 diabolus
1311 3865 1435 3930 monet,
1463 3866 1499 3913 ut
1514 3842 1580 3912 sur·
1594 3873 1613 3919 n
1625 3873 1641 3920 r.
1653 3888 1701 3934 214
1709 3876 1732 3934 u,
1744 3892 1766 3922 e.
1782 3891 1802 3922 ι.

555 3949 660 4048 gatis5
691 3947 745 4018 scit
773 3947 861 4018 enirn
886 3945 1046 4034 diabolus,
1073 3948 1164 4043 quod
1181 3951 1313 4046 Spiritus
1339 3951 1473 4021 Sandius
1490 3948 1534 4018 est
1551 3950 1580 4020 ei

555 4053 743 4126 contrarius.
774 4051 917 4124 Scindite
942 4053 1095 4149 laqueum
1115 4052 1247 4144 diaboli,
1277 4057 1390 4142 carnis,
1413 4057 1448 4124 δε
1464 4052 1579 4126 mundi

484 4175 486 4180 “
555 4157 709 4229 trahentis
723 4184 784 4230 vos
801 4155 843 4229 ad
858 4159 1022 4230 infernum
1035 4163 1069 4230 ἃ
1083 4161 1198 4258 surgite
1211 4186 1270 4256 per
1282 4162 1433 4232 virtutem
1445 4159 1578 4254 Spiritus

553 4262 662 4334 Sanni
679 4262 722 4333 ad
741 4287 872 4335 crucem
891 4267 925 4334 ἃ
942 4262 983 4334 fic
1000 4264 1043 4336 ad
1063 4265 1187 4340 celum!
