<?xml version="1.0" encoding="UTF-8"?>
<!DOCTYPE html PUBLIC "-//W3C//DTD XHTML 1.0 Transitional//EN"
    "http://www.w3.org/TR/xhtml1/DTD/xhtml1-transitional.dtd">
<html xmlns="http://www.w3.org/1999/xhtml" xml:lang="en" lang="en">
 <head>
  <title>
</title>
<meta http-equiv="Content-Type" content="text/html;charset=utf-8" />
  <meta name='ocr-system' content='tesseract 3.04.00' />
  <meta name='ocr-capabilities' content='ocr_page ocr_carea ocr_par ocr_line ocrx_word'/>
</head>
<body>
  <div class='ocr_page' id='page_1' title='image "./quintibellisacr00rhgoog_0167.png"; bbox 0 0 3694 5626; ppageno 0'>
   <div class='ocr_carea' id='block_1_1' title="bbox 584 497 1149 574">
    <p class='ocr_par' dir='ltr' id='par_1_1' title="bbox 584 497 1149 574">
     <span class='ocr_line' id='line_1_1' title="bbox 584 497 1149 574; baseline -0.005 -4"><span class='ocrx_word' id='word_1_1' title='bbox 584 502 650 574; x_wconf 84' lang='lat'>108</span> <span class='ocrx_word' id='word_1_2' title='bbox 847 497 850 506; x_wconf 85' lang='lat'>&#39;</span> <span class='ocrx_word' id='word_1_3' title='bbox 1023 515 1149 568; x_wconf 75' lang='lat' dir='ltr'>orem</span> 
     </span>
    </p>
   </div>
   <div class='ocr_carea' id='block_1_2' title="bbox 507 731 1787 2631">
    <p class='ocr_par' dir='ltr' id='par_1_2' title="bbox 507 731 1787 2631">
     <span class='ocr_line' id='line_1_2' title="bbox 507 731 1607 832; baseline 0.006 -33"><span class='ocrx_word' id='word_1_4' title='bbox 507 765 567 814; x_wconf 78' lang='lat'><strong>¹²¹9</strong></span> <span class='ocrx_word' id='word_1_5' title='bbox 579 735 669 832; x_wconf 80' lang='lat' dir='ltr'>gani,</span> <span class='ocrx_word' id='word_1_6' title='bbox 683 749 694 782; x_wconf 74' lang='lat'>⁵</span> <span class='ocrx_word' id='word_1_7' title='bbox 723 733 815 830; x_wconf 78' lang='lat' dir='ltr'>quod</span> <span class='ocrx_word' id='word_1_8' title='bbox 840 734 1039 830; x_wconf 76' lang='lat' dir='ltr'>inceperant,</span> <span class='ocrx_word' id='word_1_9' title='bbox 1068 733 1113 816; x_wconf 74' lang='lat' dir='ltr'>²d</span> <span class='ocrx_word' id='word_1_10' title='bbox 1137 732 1238 806; x_wconf 69' lang='lat' dir='ltr'>finem</span> <span class='ocrx_word' id='word_1_11' title='bbox 1265 731 1446 831; x_wconf 73' lang='lat' dir='ltr'>perducere</span> <span class='ocrx_word' id='word_1_12' title='bbox 1469 733 1607 806; x_wconf 72' lang='lat' dir='ltr'>minime</span> 
     </span>
     <span class='ocr_line' id='line_1_3' title="bbox 579 837 1082 936; baseline -0.004 -22"><span class='ocrx_word' id='word_1_13' title='bbox 579 837 682 936; x_wconf 85' lang='lat' dir='ltr'>posse,</span> <span class='ocrx_word' id='word_1_14' title='bbox 698 839 740 910; x_wconf 84' lang='lat' dir='ltr'>ad</span> <span class='ocrx_word' id='word_1_15' title='bbox 758 840 886 911; x_wconf 72' lang='lat' dir='ltr'>castra²</span> <span class='ocrx_word' id='word_1_16' title='bbox 910 839 1082 912; x_wconf 89' lang='lat' dir='ltr'>redierunt.</span> 
     </span>
     <span class='ocr_line' id='line_1_4' title="bbox 626 943 1605 1046; baseline 0.001 -30"><span class='ocrx_word' id='word_1_17' title='bbox 626 946 757 1017; x_wconf 76' lang='lat' dir='ltr'><strong>XLVIII.</strong></span> <span class='ocrx_word' id='word_1_18' title='bbox 783 946 817 1016; x_wconf 80' lang='lat' dir='ltr'>Er</span> <span class='ocrx_word' id='word_1_19' title='bbox 842 943 923 1016; x_wconf 91' lang='lat' dir='ltr'>dum</span> <span class='ocrx_word' id='word_1_20' title='bbox 947 945 1009 1016; x_wconf 90' lang='lat' dir='ltr'>bec</span> <span class='ocrx_word' id='word_1_21' title='bbox 1029 971 1212 1046; x_wconf 82' lang='lat' dir='ltr'>agerentur,</span> <span class='ocrx_word' id='word_1_22' title='bbox 1238 944 1375 1042; x_wconf 85' lang='lat' dir='ltr'>quidam</span> <span class='ocrx_word' id='word_1_23' title='bbox 1393 945 1435 1017; x_wconf 88' lang='lat' dir='ltr'>de</span> <span class='ocrx_word' id='word_1_24' title='bbox 1452 945 1605 1017; x_wconf 84' lang='lat' dir='ltr'>Christia-</span> 
     </span>
     <span class='ocr_line' id='line_1_5' title="bbox 578 1051 1603 1149; baseline 0 -27"><span class='ocrx_word' id='word_1_25' title='bbox 578 1052 626 1122; x_wconf 91' lang='lat' dir='ltr'>nis</span> <span class='ocrx_word' id='word_1_26' title='bbox 644 1077 780 1122; x_wconf 89' lang='lat' dir='ltr'>numero</span> <span class='ocrx_word' id='word_1_27' title='bbox 799 1075 931 1143; x_wconf 85' lang='lat' dir='ltr'>novem,</span> <span class='ocrx_word' id='word_1_28' title='bbox 944 1064 956 1112; x_wconf 85' lang='grc'><strong>3</strong></span> <span class='ocrx_word' id='word_1_29' title='bbox 968 1053 1108 1149; x_wconf 73' lang='lat' dir='ltr'>instigati</span> <span class='ocrx_word' id='word_1_30' title='bbox 1125 1079 1145 1124; x_wconf 82' lang='lat' dir='ltr'><strong>a</strong></span> <span class='ocrx_word' id='word_1_31' title='bbox 1162 1051 1298 1124; x_wconf 84' lang='lat' dir='ltr'>diabolo</span> <span class='ocrx_word' id='word_1_32' title='bbox 1315 1054 1350 1123; x_wconf 73' lang='grc' dir='ltr'>δι</span> <span class='ocrx_word' id='word_1_33' title='bbox 1366 1052 1442 1124; x_wconf 67' lang='lat' dir='ltr'>radii</span> <span class='ocrx_word' id='word_1_34' title='bbox 1456 1051 1603 1149; x_wconf 77' lang='lat' dir='ltr'>maligno</span> 
     </span>
     <span class='ocr_line' id='line_1_6' title="bbox 577 1155 1605 1254; baseline 0.002 -26"><span class='ocrx_word' id='word_1_35' title='bbox 577 1159 699 1254; x_wconf 87' lang='lat' dir='ltr'>spiritu,</span> <span class='ocrx_word' id='word_1_36' title='bbox 716 1157 773 1252; x_wconf 92' lang='lat' dir='ltr'>qui</span> <span class='ocrx_word' id='word_1_37' title='bbox 788 1183 926 1252; x_wconf 87' lang='lat' dir='ltr'>pontem</span> <span class='ocrx_word' id='word_1_38' title='bbox 940 1155 1174 1246; x_wconf 82' lang='lat' dir='ltr'>custodiebant,</span> <span class='ocrx_word' id='word_1_39' title='bbox 1195 1183 1337 1254; x_wconf 88' lang='lat' dir='ltr'>quorum</span> <span class='ocrx_word' id='word_1_40' title='bbox 1354 1156 1457 1228; x_wconf 81' lang='lat' dir='ltr'>corda</span> <span class='ocrx_word' id='word_1_41' title='bbox 1473 1183 1552 1232; x_wconf 84' lang='lat' dir='ltr'>auro</span> <span class='ocrx_word' id='word_1_42' title='bbox 1569 1160 1605 1230; x_wconf 80' lang='grc' dir='ltr'>δι</span> 
     </span>
     <span class='ocr_line' id='line_1_7' title="bbox 577 1261 1605 1361; baseline 0.002 -27"><span class='ocrx_word' id='word_1_43' title='bbox 577 1285 715 1360; x_wconf 82' lang='lat' dir='ltr'>argento</span> <span class='ocrx_word' id='word_1_44' title='bbox 732 1262 858 1334; x_wconf 83' lang='lat' dir='ltr'>soldani</span> <span class='ocrx_word' id='word_1_45' title='bbox 875 1287 967 1334; x_wconf 83' lang='lat' dir='ltr'>etant</span> <span class='ocrx_word' id='word_1_46' title='bbox 982 1261 1328 1361; x_wconf 84' lang='lat' dir='ltr'>obcecata‚4pontem</span> <span class='ocrx_word' id='word_1_47' title='bbox 1345 1263 1432 1336; x_wconf 78' lang='lat' dir='ltr'>clem</span> <span class='ocrx_word' id='word_1_48' title='bbox 1451 1267 1485 1334; x_wconf 77' lang='grc' dir='ltr'>ἀ</span> <span class='ocrx_word' id='word_1_49' title='bbox 1498 1265 1605 1360; x_wconf 83' lang='lat' dir='ltr'>priva·</span> 
     </span>
     <span class='ocr_line' id='line_1_8' title="bbox 578 1367 1605 1466; baseline 0.004 -28"><span class='ocrx_word' id='word_1_50' title='bbox 578 1369 637 1439; x_wconf 85' lang='lat' dir='ltr'>tim</span> <span class='ocrx_word' id='word_1_51' title='bbox 661 1367 805 1439; x_wconf 85' lang='lat' dir='ltr'>incidere</span> <span class='ocrx_word' id='word_1_52' title='bbox 829 1371 864 1440; x_wconf 80' lang='grc' dir='ltr'>δι</span> <span class='ocrx_word' id='word_1_53' title='bbox 890 1368 1051 1440; x_wconf 87' lang='lat' dir='ltr'>destruere</span> <span class='ocrx_word' id='word_1_54' title='bbox 1073 1368 1289 1456; x_wconf 81' lang='lat' dir='ltr'>conabantur,</span> <span class='ocrx_word' id='word_1_55' title='bbox 1316 1371 1474 1466; x_wconf 74' lang='lat' dir='ltr'>Paganot,</span> <span class='ocrx_word' id='word_1_56' title='bbox 1499 1371 1605 1442; x_wconf 75' lang='lat' dir='ltr'>Sarru-</span> 
     </span>
     <span class='ocr_line' id='line_1_9' title="bbox 578 1475 1606 1573; baseline 0.002 -27"><span class='ocrx_word' id='word_1_57' title='bbox 578 1499 678 1546; x_wconf 81' lang='lat' dir='ltr'>cenos</span> <span class='ocrx_word' id='word_1_58' title='bbox 694 1499 771 1546; x_wconf 85' lang='lat' dir='ltr'>curn</span> <span class='ocrx_word' id='word_1_59' title='bbox 787 1475 889 1573; x_wconf 73' lang='lat' dir='ltr'>galeis</span> <span class='ocrx_word' id='word_1_60' title='bbox 905 1477 939 1546; x_wconf 91' lang='lat' dir='ltr'>in</span> <span class='ocrx_word' id='word_1_61' title='bbox 957 1475 1122 1548; x_wconf 87' lang='lat' dir='ltr'>civitatem</span> <span class='ocrx_word' id='word_1_62' title='bbox 1139 1476 1259 1548; x_wconf 86' lang='lat' dir='ltr'>ducere</span> <span class='ocrx_word' id='word_1_63' title='bbox 1274 1475 1432 1568; x_wconf 81' lang='lat' dir='ltr'>volentes,</span> <span class='ocrx_word' id='word_1_64' title='bbox 1447 1499 1573 1548; x_wconf 80' lang='lat' dir='ltr'>meam</span> <span class='ocrx_word' id='word_1_65' title='bbox 1583 1503 1606 1547; x_wconf 84' lang='lat' dir='ltr'>a</span> 
     </span>
     <span class='ocr_line' id='line_1_10' title="bbox 578 1579 1606 1680; baseline 0.002 -28"><span class='ocrx_word' id='word_1_66' title='bbox 578 1581 766 1652; x_wconf 82' lang='lat' dir='ltr'>Christianis</span> <span class='ocrx_word' id='word_1_67' title='bbox 791 1605 963 1678; x_wconf 85' lang='lat' dir='ltr'>protegere</span> <span class='ocrx_word' id='word_1_68' title='bbox 980 1585 1015 1652; x_wconf 76' lang='grc' dir='ltr'>δι</span> <span class='ocrx_word' id='word_1_69' title='bbox 1032 1580 1210 1654; x_wconf 86' lang='lat' dir='ltr'>defendere</span> <span class='ocrx_word' id='word_1_70' title='bbox 1234 1579 1374 1680; x_wconf 79' lang='lat' dir='ltr'>poffent.</span> <span class='ocrx_word' id='word_1_71' title='bbox 1408 1581 1471 1654; x_wconf 85' lang='lat' dir='ltr'>Sed</span> <span class='ocrx_word' id='word_1_72' title='bbox 1488 1583 1606 1654; x_wconf 89' lang='lat' dir='ltr'>Domi·</span> 
     </span>
     <span class='ocr_line' id='line_1_11' title="bbox 579 1685 1605 1785; baseline 0.006 -29"><span class='ocrx_word' id='word_1_73' title='bbox 579 1711 639 1756; x_wconf 88' lang='lat' dir='ltr'>nus</span> <span class='ocrx_word' id='word_1_74' title='bbox 657 1687 765 1756; x_wconf 84' lang='lat' dir='ltr'>noster</span> <span class='ocrx_word' id='word_1_75' title='bbox 790 1687 893 1758; x_wconf 82' lang='lat' dir='ltr'>ihesus</span> <span class='ocrx_word' id='word_1_76' title='bbox 915 1685 1071 1778; x_wconf 79' lang='lat' dir='ltr'>Christus,</span> <span class='ocrx_word' id='word_1_77' title='bbox 1096 1713 1116 1759; x_wconf 85' lang='lat' dir='ltr'>a</span> <span class='ocrx_word' id='word_1_78' title='bbox 1140 1713 1208 1785; x_wconf 92' lang='lat' dir='ltr'>quo</span> <span class='ocrx_word' id='word_1_79' title='bbox 1230 1689 1343 1759; x_wconf 82' lang='lat' dir='ltr'>omnia</span> <span class='ocrx_word' id='word_1_80' title='bbox 1371 1686 1461 1760; x_wconf 82' lang='lat' dir='ltr'>bona</span> <span class='ocrx_word' id='word_1_81' title='bbox 1486 1693 1605 1762; x_wconf 72' lang='lat' dir='ltr'>euntia</span> 
     </span>
     <span class='ocr_line' id='line_1_12' title="bbox 578 1789 1602 1890; baseline 0.005 -28"><span class='ocrx_word' id='word_1_82' title='bbox 578 1791 774 1890; x_wconf 88' lang='lat' dir='ltr'>procedunt,</span> <span class='ocrx_word' id='word_1_83' title='bbox 788 1795 823 1863; x_wconf 74' lang='grc' dir='ltr'>δι</span> <span class='ocrx_word' id='word_1_84' title='bbox 839 1789 903 1862; x_wconf 82' lang='lat' dir='ltr'>sine</span> <span class='ocrx_word' id='word_1_85' title='bbox 921 1817 988 1888; x_wconf 91' lang='lat' dir='ltr'>quo</span> <span class='ocrx_word' id='word_1_86' title='bbox 1001 1793 1048 1864; x_wconf 85' lang='lat' dir='ltr'>nil</span> <span class='ocrx_word' id='word_1_87' title='bbox 1064 1792 1132 1865; x_wconf 89' lang='lat' dir='ltr'>fieri</span> <span class='ocrx_word' id='word_1_88' title='bbox 1148 1795 1265 1890; x_wconf 84' lang='lat' dir='ltr'>potest,</span> <span class='ocrx_word' id='word_1_89' title='bbox 1282 1796 1335 1865; x_wconf 87' lang='lat' dir='ltr'>cui</span> <span class='ocrx_word' id='word_1_90' title='bbox 1352 1793 1398 1864; x_wconf 89' lang='lat' dir='ltr'>nil</span> <span class='ocrx_word' id='word_1_91' title='bbox 1409 1797 1454 1866; x_wconf 85' lang='lat' dir='ltr'>est</span> <span class='ocrx_word' id='word_1_92' title='bbox 1465 1793 1602 1868; x_wconf 82' lang='lat' dir='ltr'>abscon·</span> 
     </span>
     <span class='ocr_line' id='line_1_13' title="bbox 578 1895 1787 1994; baseline 0.008 -26"><span class='ocrx_word' id='word_1_93' title='bbox 578 1899 660 1986; x_wconf 88' lang='lat' dir='ltr'>sum,</span> <span class='ocrx_word' id='word_1_94' title='bbox 678 1895 780 1968; x_wconf 87' lang='lat' dir='ltr'>corda</span> <span class='ocrx_word' id='word_1_95' title='bbox 796 1900 946 1968; x_wconf 89' lang='lat' dir='ltr'>omniurn</span> <span class='ocrx_word' id='word_1_96' title='bbox 960 1899 1070 1989; x_wconf 84' lang='lat' dir='ltr'>sciens,</span> <span class='ocrx_word' id='word_1_97' title='bbox 1089 1902 1146 1994; x_wconf 91' lang='lat' dir='ltr'>qui</span> <span class='ocrx_word' id='word_1_98' title='bbox 1163 1901 1207 1971; x_wconf 89' lang='lat' dir='ltr'>est</span> <span class='ocrx_word' id='word_1_99' title='bbox 1221 1925 1314 1972; x_wconf 81' lang='lat' dir='ltr'>verus</span> <span class='ocrx_word' id='word_1_100' title='bbox 1329 1897 1427 1972; x_wconf 83' lang='lat' dir='ltr'>iudex</span> <span class='ocrx_word' id='word_1_101' title='bbox 1442 1903 1478 1972; x_wconf 70' lang='grc' dir='ltr'>δε</span> <span class='ocrx_word' id='word_1_102' title='bbox 1495 1903 1603 1994; x_wconf 75' lang='lat' dir='ltr'>iustos,</span> <span class='ocrx_word' id='word_1_103' title='bbox 1617 1915 1712 1978; x_wconf 63' lang='lat' dir='ltr'>timp„</span> <span class='ocrx_word' id='word_1_104' title='bbox 1725 1928 1787 1962; x_wconf 80' lang='lat'>¹¹⁰¹·</span> 
     </span>
     <span class='ocr_line' id='line_1_14' title="bbox 579 2002 1604 2102; baseline 0.004 -28"><span class='ocrx_word' id='word_1_105' title='bbox 579 2003 706 2074; x_wconf 91' lang='lat' dir='ltr'>noluir⁵</span> <span class='ocrx_word' id='word_1_106' title='bbox 724 2025 791 2074; x_wconf 85' lang='lat' dir='ltr'>tam</span> <span class='ocrx_word' id='word_1_107' title='bbox 814 2002 985 2100; x_wconf 88' lang='lat' dir='ltr'>pessimum</span> <span class='ocrx_word' id='word_1_108' title='bbox 1001 2007 1036 2075; x_wconf 78' lang='grc' dir='ltr'>ἀ</span> <span class='ocrx_word' id='word_1_109' title='bbox 1051 2003 1309 2102; x_wconf 82' lang='lat' dir='ltr'>iniquissimum⁶</span> <span class='ocrx_word' id='word_1_110' title='bbox 1328 2005 1430 2077; x_wconf 78' lang='lat' dir='ltr'>scelus</span> <span class='ocrx_word' id='word_1_111' title='bbox 1442 2003 1485 2077; x_wconf 84' lang='lat' dir='ltr'>ad</span> <span class='ocrx_word' id='word_1_112' title='bbox 1502 2005 1604 2078; x_wconf 87' lang='lat' dir='ltr'>finem</span> 
     </span>
     <span class='ocr_line' id='line_1_15' title="bbox 578 2107 1603 2208; baseline 0.004 -29"><span class='ocrx_word' id='word_1_113' title='bbox 578 2107 775 2206; x_wconf 85' lang='lat' dir='ltr'>perducere;</span> <span class='ocrx_word' id='word_1_114' title='bbox 793 2111 943 2206; x_wconf 86' lang='lat' dir='ltr'>contigit,</span> <span class='ocrx_word' id='word_1_115' title='bbox 956 2123 970 2168; x_wconf 86' lang='lat'>⁷</span> <span class='ocrx_word' id='word_1_116' title='bbox 982 2109 1075 2206; x_wconf 89' lang='lat' dir='ltr'>quod</span> <span class='ocrx_word' id='word_1_117' title='bbox 1090 2137 1172 2182; x_wconf 87' lang='lat' dir='ltr'>unus</span> <span class='ocrx_word' id='word_1_118' title='bbox 1190 2137 1229 2183; x_wconf 87' lang='lat' dir='ltr'>err</span> <span class='ocrx_word' id='word_1_119' title='bbox 1241 2109 1404 2208; x_wconf 57' lang='lat' dir='ltr'>predictis,</span> <span class='ocrx_word' id='word_1_120' title='bbox 1420 2110 1531 2184; x_wconf 76' lang='lat' dir='ltr'>divina</span> <span class='ocrx_word' id='word_1_121' title='bbox 1542 2137 1603 2208; x_wconf 89' lang='lat' dir='ltr'>po·</span> 
     </span>
     <span class='ocr_line' id='line_1_16' title="bbox 579 2214 1603 2315; baseline 0 -27"><span class='ocrx_word' id='word_1_122' title='bbox 579 2216 680 2288; x_wconf 83' lang='lat' dir='ltr'>tentia</span> <span class='ocrx_word' id='word_1_123' title='bbox 697 2219 732 2286; x_wconf 79' lang='grc' dir='ltr'>δι</span> <span class='ocrx_word' id='word_1_124' title='bbox 749 2214 967 2287; x_wconf 82' lang='lat' dir='ltr'>misericordia</span> <span class='ocrx_word' id='word_1_125' title='bbox 984 2220 1097 2306; x_wconf 67' lang='lat' dir='ltr'>radius,</span> <span class='ocrx_word' id='word_1_126' title='bbox 1118 2216 1162 2288; x_wconf 86' lang='lat' dir='ltr'>ad</span> <span class='ocrx_word' id='word_1_127' title='bbox 1187 2216 1362 2290; x_wconf 87' lang='lat' dir='ltr'>dominum</span> <span class='ocrx_word' id='word_1_128' title='bbox 1380 2219 1520 2315; x_wconf 81' lang='lat' dir='ltr'>pertexit</span> <span class='ocrx_word' id='word_1_129' title='bbox 1535 2243 1603 2288; x_wconf 74' lang='lat' dir='ltr'>car·</span> 
     </span>
     <span class='ocr_line' id='line_1_17' title="bbox 537 2321 1603 2420; baseline -0.001 -22"><span class='ocrx_word' id='word_1_130' title='bbox 537 2375 548 2398; x_wconf 86' lang='lat'><strong><em>.</em></strong></span> <span class='ocrx_word' id='word_1_131' title='bbox 580 2321 732 2410; x_wconf 79' lang='lat' dir='ltr'>dindem,</span> <span class='ocrx_word' id='word_1_132' title='bbox 759 2322 814 2416; x_wconf 92' lang='lat' dir='ltr'>qui</span> <span class='ocrx_word' id='word_1_133' title='bbox 834 2321 971 2392; x_wconf 78' lang='lat' dir='ltr'>omnia8</span> <span class='ocrx_word' id='word_1_134' title='bbox 987 2347 1045 2418; x_wconf 87' lang='lat' dir='ltr'>per</span> <span class='ocrx_word' id='word_1_135' title='bbox 1065 2321 1215 2396; x_wconf 87' lang='lat' dir='ltr'>ordinem</span> <span class='ocrx_word' id='word_1_136' title='bbox 1230 2321 1287 2420; x_wconf 83' lang='lat' dir='ltr'>ipsi</span> <span class='ocrx_word' id='word_1_137' title='bbox 1304 2327 1482 2420; x_wconf 85' lang='lat' dir='ltr'>aperuit&amp;</span> <span class='ocrx_word' id='word_1_138' title='bbox 1498 2325 1603 2396; x_wconf 81' lang='lat' dir='ltr'>mani·</span> 
     </span>
     <span class='ocr_line' id='line_1_18' title="bbox 580 2426 1767 2530; baseline 0.004 -31"><span class='ocrx_word' id='word_1_139' title='bbox 580 2429 742 2500; x_wconf 84' lang='lat' dir='ltr'>festavit.⁹</span> <span class='ocrx_word' id='word_1_140' title='bbox 765 2427 828 2516; x_wconf 78' lang='lat' dir='ltr'>Alij</span> <span class='ocrx_word' id='word_1_141' title='bbox 844 2453 933 2518; x_wconf 84' lang='lat' dir='ltr'>vero,</span> <span class='ocrx_word' id='word_1_142' title='bbox 958 2426 1023 2500; x_wconf 89' lang='lat' dir='ltr'>hoc</span> <span class='ocrx_word' id='word_1_143' title='bbox 1050 2429 1196 2522; x_wconf 77' lang='lat' dir='ltr'>scientes,</span> <span class='ocrx_word' id='word_1_144' title='bbox 1221 2428 1264 2502; x_wconf 83' lang='lat' dir='ltr'>ad</span> <span class='ocrx_word' id='word_1_145' title='bbox 1281 2431 1487 2530; x_wconf 83' lang='lat' dir='ltr'>Paganonrm</span> <span class='ocrx_word' id='word_1_146' title='bbox 1503 2431 1767 2504; x_wconf 66' lang='lat' dir='ltr'>cathari-1141&gt;-</span> 
     </span>
     <span class='ocr_line' id='line_1_19' title="bbox 580 2530 1604 2631; baseline 0.003 -26"><span class='ocrx_word' id='word_1_147' title='bbox 580 2535 743 2631; x_wconf 86' lang='lat' dir='ltr'>fugerunt,</span> <span class='ocrx_word' id='word_1_148' title='bbox 755 2537 790 2604; x_wconf 75' lang='grc' dir='ltr'>δι</span> <span class='ocrx_word' id='word_1_149' title='bbox 802 2535 883 2604; x_wconf 81' lang='lat' dir='ltr'>ita¹⁰</span> <span class='ocrx_word' id='word_1_150' title='bbox 891 2530 1036 2606; x_wconf 79' lang='lat' dir='ltr'>liberavit</span> <span class='ocrx_word' id='word_1_151' title='bbox 1049 2537 1213 2606; x_wconf 83' lang='lat' dir='ltr'>Dominus</span> <span class='ocrx_word' id='word_1_152' title='bbox 1225 2537 1332 2607; x_wconf 85' lang='lat' dir='ltr'>noster</span> <span class='ocrx_word' id='word_1_153' title='bbox 1346 2537 1448 2608; x_wconf 87' lang='lat' dir='ltr'>lhesus</span> <span class='ocrx_word' id='word_1_154' title='bbox 1459 2537 1604 2608; x_wconf 70' lang='lat' dir='ltr'>Christus</span> 
     </span>
    </p>
   </div>
   <div class='ocr_carea' id='block_1_3' title="bbox 579 2645 1755 3920">
    <p class='ocr_par' dir='ltr' id='par_1_3' title="bbox 579 2645 1604 3065">
     <span class='ocr_line' id='line_1_20' title="bbox 579 2645 1604 2724; baseline 0.001 -3"><span class='ocrx_word' id='word_1_155' title='bbox 579 2647 762 2721; x_wconf 86' lang='lat' dir='ltr'>Crucifixus</span> <span class='ocrx_word' id='word_1_156' title='bbox 773 2647 973 2719; x_wconf 82' lang='lat' dir='ltr'>Christianos</span> <span class='ocrx_word' id='word_1_157' title='bbox 989 2645 1032 2720; x_wconf 89' lang='lat' dir='ltr'>ab</span> <span class='ocrx_word' id='word_1_158' title='bbox 1048 2647 1166 2722; x_wconf 80' lang='lat' dir='ltr'>insidiis</span> <span class='ocrx_word' id='word_1_159' title='bbox 1184 2651 1402 2724; x_wconf 87' lang='lat' dir='ltr'>inimicorum.</span> <span class='ocrx_word' id='word_1_160' title='bbox 1422 2651 1604 2724; x_wconf 79' lang='lat' dir='ltr'>Laudamus</span> 
     </span>
     <span class='ocr_line' id='line_1_21' title="bbox 579 2755 1604 2856; baseline 0.001 -28"><span class='ocrx_word' id='word_1_161' title='bbox 579 2755 857 2828; x_wconf 83' lang='lat' dir='ltr'>&amp;benedicimus</span> <span class='ocrx_word' id='word_1_162' title='bbox 880 2756 1063 2826; x_wconf 89' lang='lat' dir='ltr'>Dominum</span> <span class='ocrx_word' id='word_1_163' title='bbox 1087 2757 1248 2850; x_wconf 86' lang='lat' dir='ltr'>nostrum,</span> <span class='ocrx_word' id='word_1_164' title='bbox 1271 2773 1384 2830; x_wconf 85' lang='lat' dir='ltr'>natum</span> <span class='ocrx_word' id='word_1_165' title='bbox 1410 2759 1452 2830; x_wconf 90' lang='lat' dir='ltr'>de</span> <span class='ocrx_word' id='word_1_166' title='bbox 1478 2761 1604 2856; x_wconf 86' lang='lat' dir='ltr'>virgine</span> 
     </span>
     <span class='ocr_line' id='line_1_22' title="bbox 580 2860 1604 2961; baseline 0.001 -27"><span class='ocrx_word' id='word_1_167' title='bbox 580 2865 691 2935; x_wconf 85' lang='lat' dir='ltr'>Maria.</span> <span class='ocrx_word' id='word_1_168' title='bbox 708 2860 866 2934; x_wconf 81' lang='lat' dir='ltr'>Videnter</span> <span class='ocrx_word' id='word_1_169' title='bbox 879 2862 1009 2959; x_wconf 84' lang='lat' dir='ltr'>Pagani,</span> <span class='ocrx_word' id='word_1_170' title='bbox 1027 2862 1072 2936; x_wconf 85' lang='lat' dir='ltr'>nil</span> <span class='ocrx_word' id='word_1_171' title='bbox 1085 2863 1191 2934; x_wconf 83' lang='lat' dir='ltr'>facere</span> <span class='ocrx_word' id='word_1_172' title='bbox 1203 2862 1307 2961; x_wconf 76' lang='lat' dir='ltr'>posse,</span> <span class='ocrx_word' id='word_1_173' title='bbox 1324 2889 1402 2938; x_wconf 90' lang='lat' dir='ltr'>cum</span> <span class='ocrx_word' id='word_1_174' title='bbox 1414 2865 1604 2937; x_wconf 81' lang='lat' dir='ltr'>Christianis</span> 
     </span>
     <span class='ocr_line' id='line_1_23' title="bbox 579 2969 1350 3065; baseline -0.004 -23"><span class='ocrx_word' id='word_1_175' title='bbox 579 2969 766 3042; x_wconf 81' lang='lat' dir='ltr'>machinare</span> <span class='ocrx_word' id='word_1_176' title='bbox 782 2992 946 3065; x_wconf 87' lang='lat' dir='ltr'>ceperunt.</span> <span class='ocrx_word' id='word_1_177' title='bbox 961 2981 987 3014; x_wconf 89' lang='lat'>¹¹</span> <span class='ocrx_word' id='word_1_178' title='bbox 1346 3053 1350 3062; x_wconf 28' lang='grc' dir='ltr'>Ι</span> 
     </span>
    </p>

    <p class='ocr_par' dir='ltr' id='par_1_4' title="bbox 579 3075 1755 3920">
     <span class='ocr_line' id='line_1_24' title="bbox 627 3075 1603 3172; baseline 0.001 -24"><span class='ocrx_word' id='word_1_179' title='bbox 627 3076 735 3148; x_wconf 80' lang='lat' dir='ltr'>XLIX.</span> <span class='ocrx_word' id='word_1_180' title='bbox 752 3075 858 3148; x_wconf 65' lang='lat' dir='ltr'>Nocte</span> <span class='ocrx_word' id='word_1_181' title='bbox 874 3077 1025 3170; x_wconf 85' lang='lat' dir='ltr'>proxima</span> <span class='ocrx_word' id='word_1_182' title='bbox 1033 3075 1215 3172; x_wconf 80' lang='lat' dir='ltr'>firitcaprur</span> <span class='ocrx_word' id='word_1_183' title='bbox 1226 3075 1360 3172; x_wconf 86' lang='lat' dir='ltr'>quidam</span> <span class='ocrx_word' id='word_1_184' title='bbox 1375 3075 1532 3149; x_wconf 79' lang='lat' dir='ltr'>ianuensrs</span> <span class='ocrx_word' id='word_1_185' title='bbox 1541 3101 1603 3149; x_wconf 80' lang='lat' dir='ltr'>tra·</span> 
     </span>
     <span class='ocr_line' id='line_1_25' title="bbox 579 3179 1603 3282; baseline 0.001 -28"><span class='ocrx_word' id='word_1_186' title='bbox 579 3182 676 3274; x_wconf 87' lang='lat' dir='ltr'>ditor,</span> <span class='ocrx_word' id='word_1_187' title='bbox 686 3183 741 3278; x_wconf 88' lang='lat' dir='ltr'>qui</span> <span class='ocrx_word' id='word_1_188' title='bbox 751 3179 1449 3255; x_wconf 81' lang='lat' dir='ltr'>debebatinciderecatenas&amp;sarcos&amp;alia</span> <span class='ocrx_word' id='word_1_189' title='bbox 1461 3185 1603 3282; x_wconf 83' lang='lat' dir='ltr'>ingenia,</span> 
     </span>
     <span class='ocr_line' id='line_1_26' title="bbox 579 3285 1604 3388; baseline 0 -26"><span class='ocrx_word' id='word_1_190' title='bbox 579 3288 695 3388; x_wconf 83' lang='lat' dir='ltr'>quibus</span> <span class='ocrx_word' id='word_1_191' title='bbox 704 3313 788 3385; x_wconf 87' lang='lat' dir='ltr'>pons</span> <span class='ocrx_word' id='word_1_192' title='bbox 799 3285 976 3380; x_wconf 84' lang='lat' dir='ltr'>tenebatur3</span> <span class='ocrx_word' id='word_1_193' title='bbox 987 3285 1128 3360; x_wconf 87' lang='lat' dir='ltr'>debebat</span> <span class='ocrx_word' id='word_1_194' title='bbox 1135 3290 1306 3386; x_wconf 85' lang='lat' dir='ltr'>reciperea</span> <span class='ocrx_word' id='word_1_195' title='bbox 1317 3287 1456 3362; x_wconf 87' lang='lat' dir='ltr'>soldano</span> <span class='ocrx_word' id='word_1_196' title='bbox 1470 3295 1502 3380; x_wconf 89' lang='lat' dir='ltr'>vj</span> <span class='ocrx_word' id='word_1_197' title='bbox 1516 3290 1604 3362; x_wconf 81' lang='lat' dir='ltr'>misse</span> 
     </span>
     <span class='ocr_line' id='line_1_27' title="bbox 579 3391 1603 3493; baseline -0.001 -24"><span class='ocrx_word' id='word_1_198' title='bbox 579 3395 730 3469; x_wconf 84' lang='lat' dir='ltr'>bisantos.</span> <span class='ocrx_word' id='word_1_199' title='bbox 748 3393 824 3465; x_wconf 84' lang='lat' dir='ltr'>Alio</span> <span class='ocrx_word' id='word_1_200' title='bbox 838 3391 890 3464; x_wconf 92' lang='lat' dir='ltr'>die</span> <span class='ocrx_word' id='word_1_201' title='bbox 907 3393 968 3464; x_wconf 87' lang='lat' dir='ltr'>fuit</span> <span class='ocrx_word' id='word_1_202' title='bbox 984 3417 1098 3490; x_wconf 79' lang='lat' dir='ltr'>captus</span> <span class='ocrx_word' id='word_1_203' title='bbox 1115 3393 1251 3490; x_wconf 82' lang='lat' dir='ltr'>quidam</span> <span class='ocrx_word' id='word_1_204' title='bbox 1268 3395 1442 3493; x_wconf 85' lang='lat' dir='ltr'>Hispanus,</span> <span class='ocrx_word' id='word_1_205' title='bbox 1457 3399 1514 3493; x_wconf 91' lang='lat' dir='ltr'>qui</span> <span class='ocrx_word' id='word_1_206' title='bbox 1525 3423 1603 3468; x_wconf 90' lang='lat' dir='ltr'>ven-</span> 
     </span>
     <span class='ocr_line' id='line_1_28' title="bbox 580 3499 1601 3598; baseline -0.001 -24"><span class='ocrx_word' id='word_1_207' title='bbox 580 3500 677 3574; x_wconf 84' lang='lat' dir='ltr'>debat</span> <span class='ocrx_word' id='word_1_208' title='bbox 696 3501 876 3574; x_wconf 85' lang='lat' dir='ltr'>Sarracenis</span> <span class='ocrx_word' id='word_1_209' title='bbox 898 3523 999 3569; x_wconf 90' lang='lat' dir='ltr'>unum</span> <span class='ocrx_word' id='word_1_210' title='bbox 1025 3525 1146 3595; x_wconf 86' lang='lat' dir='ltr'>panem</span> <span class='ocrx_word' id='word_1_211' title='bbox 1170 3525 1233 3598; x_wconf 88' lang='lat' dir='ltr'>pro</span> <span class='ocrx_word' id='word_1_212' title='bbox 1250 3527 1318 3572; x_wconf 92' lang='lat' dir='ltr'>uno</span> <span class='ocrx_word' id='word_1_213' title='bbox 1337 3499 1475 3593; x_wconf 78' lang='lat' dir='ltr'>bisant0,</span> <span class='ocrx_word' id='word_1_214' title='bbox 1503 3505 1538 3573; x_wconf 73' lang='grc' dir='ltr'>δι</span> <span class='ocrx_word' id='word_1_215' title='bbox 1553 3501 1601 3573; x_wconf 90' lang='lat' dir='ltr'>isti</span> 
     </span>
     <span class='ocr_line' id='line_1_29' title="bbox 580 3603 1599 3706; baseline 0 -26"><span class='ocrx_word' id='word_1_216' title='bbox 580 3610 651 3680; x_wconf 88' lang='lat' dir='ltr'>sunt</span> <span class='ocrx_word' id='word_1_217' title='bbox 674 3603 809 3704; x_wconf 79' lang='lat' dir='ltr'>suspenfi</span> <span class='ocrx_word' id='word_1_218' title='bbox 835 3603 877 3676; x_wconf 84' lang='lat' dir='ltr'>ad</span> <span class='ocrx_word' id='word_1_219' title='bbox 895 3603 1034 3676; x_wconf 86' lang='lat' dir='ltr'>caudam</span> <span class='ocrx_word' id='word_1_220' title='bbox 1057 3631 1219 3704; x_wconf 90' lang='lat' dir='ltr'>equorum</span> <span class='ocrx_word' id='word_1_221' title='bbox 1235 3610 1270 3679; x_wconf 73' lang='grc' dir='ltr'>δι</span> <span class='ocrx_word' id='word_1_222' title='bbox 1288 3607 1434 3680; x_wconf 75' lang='lat' dir='ltr'>dilaniati</span> <span class='ocrx_word' id='word_1_223' title='bbox 1451 3609 1523 3680; x_wconf 80' lang='lat' dir='ltr'>lirnt</span> <span class='ocrx_word' id='word_1_224' title='bbox 1540 3633 1599 3706; x_wconf 89' lang='lat' dir='ltr'>pet</span> 
     </span>
     <span class='ocr_line' id='line_1_30' title="bbox 580 3711 1755 3812; baseline 0.006 -24"><span class='ocrx_word' id='word_1_225' title='bbox 580 3741 686 3788; x_wconf 89' lang='lat' dir='ltr'>totum</span> <span class='ocrx_word' id='word_1_226' title='bbox 704 3714 888 3786; x_wconf 86' lang='lat' dir='ltr'>exercitum.</span> <span class='ocrx_word' id='word_1_227' title='bbox 917 3713 1070 3808; x_wconf 85' lang='lat' dir='ltr'>Sequenti</span> <span class='ocrx_word' id='word_1_228' title='bbox 1086 3711 1139 3785; x_wconf 91' lang='lat' dir='ltr'>die</span> <span class='ocrx_word' id='word_1_229' title='bbox 1155 3716 1190 3785; x_wconf 81' lang='grc' dir='ltr'>δι</span> <span class='ocrx_word' id='word_1_230' title='bbox 1210 3719 1308 3786; x_wconf 69' lang='lat' dir='ltr'>nocie</span> <span class='ocrx_word' id='word_1_231' title='bbox 1323 3717 1489 3788; x_wconf 87' lang='lat' dir='ltr'>Sarraceni</span> <span class='ocrx_word' id='word_1_232' title='bbox 1506 3739 1600 3812; x_wconf 89' lang='lat' dir='ltr'>para·</span> <span class='ocrx_word' id='word_1_233' title='bbox 1613 3745 1648 3794; x_wconf 82' lang='grc' dir='ltr'>Μ.</span> <span class='ocrx_word' id='word_1_234' title='bbox 1659 3745 1675 3794; x_wconf 87' lang='lat' dir='ltr'>t</span> <span class='ocrx_word' id='word_1_235' title='bbox 1687 3747 1717 3795; x_wconf 80' lang='lat' dir='ltr'>tt</span> <span class='ocrx_word' id='word_1_236' title='bbox 1728 3747 1755 3794; x_wconf 83' lang='lat' dir='ltr'>c</span> 
     </span>
     <span class='ocr_line' id='line_1_31' title="bbox 580 3819 1600 3920; baseline -0.001 -25"><span class='ocrx_word' id='word_1_237' title='bbox 580 3847 694 3895; x_wconf 90' lang='lat' dir='ltr'>verunt</span> <span class='ocrx_word' id='word_1_238' title='bbox 711 3821 802 3920; x_wconf 80' lang='lat' dir='ltr'>iigna</span> <span class='ocrx_word' id='word_1_239' title='bbox 818 3825 853 3894; x_wconf 76' lang='grc' dir='ltr'>δι</span> <span class='ocrx_word' id='word_1_240' title='bbox 869 3819 983 3894; x_wconf 82' lang='lat' dir='ltr'>herbas</span> <span class='ocrx_word' id='word_1_241' title='bbox 997 3819 1039 3894; x_wconf 84' lang='lat' dir='ltr'>ad</span> <span class='ocrx_word' id='word_1_242' title='bbox 1055 3821 1262 3919; x_wconf 88' lang='lat' dir='ltr'>implendum</span> <span class='ocrx_word' id='word_1_243' title='bbox 1278 3819 1433 3897; x_wconf 74' lang='lat' dir='ltr'>fossatum</span> <span class='ocrx_word' id='word_1_244' title='bbox 1449 3823 1600 3896; x_wconf 85' lang='lat' dir='ltr'>Christia-</span> 
     </span>
    </p>
   </div>
   <div class='ocr_carea' id='block_1_4' title="bbox 580 4033 1602 4348">
    <p class='ocr_par' dir='ltr' id='par_1_5' title="bbox 580 4033 1602 4348">
     <span class='ocr_line' id='line_1_32' title="bbox 619 4033 1599 4102; baseline 0.003 -19"><span class='ocrx_word' id='word_1_245' title='bbox 619 4051 628 4083; x_wconf 87' lang='lat'>1</span> <span class='ocrx_word' id='word_1_246' title='bbox 645 4033 671 4084; x_wconf 92' lang='grc' dir='ltr'>Ρ.</span> <span class='ocrx_word' id='word_1_247' title='bbox 682 4051 725 4084; x_wconf 79' lang='lat' dir='ltr'>om.</span> <span class='ocrx_word' id='word_1_248' title='bbox 740 4061 770 4072; x_wconf 91' lang='lat'>-</span> <span class='ocrx_word' id='word_1_249' title='bbox 785 4052 799 4085; x_wconf 78' lang='lat' dir='ltr'>r</span> <span class='ocrx_word' id='word_1_250' title='bbox 815 4035 840 4084; x_wconf 84' lang='lat' dir='ltr'>P.</span> <span class='ocrx_word' id='word_1_251' title='bbox 847 4033 926 4102; x_wconf 80' lang='lat' dir='ltr'>suppl.</span> <span class='ocrx_word' id='word_1_252' title='bbox 942 4033 990 4086; x_wconf 77' lang='lat' dir='ltr'>sur.</span> <span class='ocrx_word' id='word_1_253' title='bbox 1004 4065 1039 4073; x_wconf 92' lang='lat'><em>-</em></span> <span class='ocrx_word' id='word_1_254' title='bbox 1054 4051 1066 4098; x_wconf 82' lang='lat'>3</span> <span class='ocrx_word' id='word_1_255' title='bbox 1081 4035 1107 4086; x_wconf 85' lang='grc' dir='ltr'>Ρ.</span> <span class='ocrx_word' id='word_1_256' title='bbox 1124 4051 1215 4087; x_wconf 81' lang='lat' dir='ltr'>norem</span> <span class='ocrx_word' id='word_1_257' title='bbox 1227 4051 1338 4088; x_wconf 82' lang='lat' dir='ltr'>numero.</span> <span class='ocrx_word' id='word_1_258' title='bbox 1353 4063 1385 4075; x_wconf 91' lang='lat'>-</span> <span class='ocrx_word' id='word_1_259' title='bbox 1397 4051 1414 4098; x_wconf 79' lang='lat'>4</span> <span class='ocrx_word' id='word_1_260' title='bbox 1425 4037 1462 4088; x_wconf 85' lang='lat' dir='ltr'>M.</span> <span class='ocrx_word' id='word_1_261' title='bbox 1475 4035 1599 4090; x_wconf 74' lang='lat' dir='ltr'>obcecati.</span> 
     </span>
     <span class='ocr_line' id='line_1_33' title="bbox 581 4111 1602 4185; baseline 0.003 -19"><span class='ocrx_word' id='word_1_262' title='bbox 581 4141 614 4151; x_wconf 91' lang='lat'><em>-</em></span> <span class='ocrx_word' id='word_1_263' title='bbox 629 4131 642 4180; x_wconf 83' lang='grc' dir='ltr'><strong>ς</strong></span> <span class='ocrx_word' id='word_1_264' title='bbox 655 4115 693 4166; x_wconf 89' lang='grc' dir='ltr'>Μ.</span> <span class='ocrx_word' id='word_1_265' title='bbox 706 4111 800 4164; x_wconf 82' lang='lat' dir='ltr'>nolens.</span> <span class='ocrx_word' id='word_1_266' title='bbox 818 4142 851 4155; x_wconf 92' lang='lat'>-</span> <span class='ocrx_word' id='word_1_267' title='bbox 864 4118 879 4164; x_wconf 86' lang='grc'>6</span> <span class='ocrx_word' id='word_1_268' title='bbox 895 4115 919 4166; x_wconf 93' lang='grc' dir='ltr'>Ρ.</span> <span class='ocrx_word' id='word_1_269' title='bbox 932 4113 1051 4184; x_wconf 84' lang='lat' dir='ltr'>iniquum.</span> <span class='ocrx_word' id='word_1_270' title='bbox 1070 4143 1102 4154; x_wconf 89' lang='lat'>-</span> <span class='ocrx_word' id='word_1_271' title='bbox 1125 4133 1138 4179; x_wconf 83' lang='lat'><strong>7</strong></span> <span class='ocrx_word' id='word_1_272' title='bbox 1153 4116 1178 4167; x_wconf 92' lang='grc' dir='ltr'>Ρ.</span> <span class='ocrx_word' id='word_1_273' title='bbox 1192 4115 1322 4184; x_wconf 74' lang='lat' dir='ltr'>contingit</span> <span class='ocrx_word' id='word_1_274' title='bbox 1341 4143 1374 4156; x_wconf 86' lang='lat'>·-</span> <span class='ocrx_word' id='word_1_275' title='bbox 1397 4121 1411 4168; x_wconf 80' lang='lat'>8</span> <span class='ocrx_word' id='word_1_276' title='bbox 1425 4117 1451 4168; x_wconf 93' lang='grc' dir='ltr'>Ρ.</span> <span class='ocrx_word' id='word_1_277' title='bbox 1464 4115 1602 4185; x_wconf 67' lang='lat' dir='ltr'>transponit</span> 
     </span>
     <span class='ocr_line' id='line_1_34' title="bbox 580 4191 1599 4263; baseline 0.007 -19"><span class='ocrx_word' id='word_1_278' title='bbox 580 4191 664 4245; x_wconf 78' lang='lat' dir='ltr'>omnia</span> <span class='ocrx_word' id='word_1_279' title='bbox 674 4193 722 4260; x_wconf 75' lang='lat' dir='ltr'>post</span> <span class='ocrx_word' id='word_1_280' title='bbox 733 4193 853 4246; x_wconf 86' lang='lat' dir='ltr'>ordinem.</span> <span class='ocrx_word' id='word_1_281' title='bbox 876 4222 907 4232; x_wconf 96' lang='lat'>—</span> <span class='ocrx_word' id='word_1_282' title='bbox 927 4212 942 4260; x_wconf 85' lang='lat'><strong>9</strong></span> <span class='ocrx_word' id='word_1_283' title='bbox 960 4197 984 4246; x_wconf 83' lang='lat' dir='ltr'>P.</span> <span class='ocrx_word' id='word_1_284' title='bbox 1003 4194 1050 4263; x_wconf 70' lang='lat' dir='ltr'>lig.</span> <span class='ocrx_word' id='word_1_285' title='bbox 1070 4194 1260 4247; x_wconf 72' lang='lat' dir='ltr'>misericordiam</span> <span class='ocrx_word' id='word_1_286' title='bbox 1276 4193 1407 4248; x_wconf 72' lang='lat' dir='ltr'>festinavit.</span> <span class='ocrx_word' id='word_1_287' title='bbox 1424 4224 1457 4236; x_wconf 93' lang='lat'><em>-</em></span> <span class='ocrx_word' id='word_1_288' title='bbox 1474 4215 1504 4247; x_wconf 88' lang='grc' dir='ltr'>ιο</span> <span class='ocrx_word' id='word_1_289' title='bbox 1516 4197 1541 4247; x_wconf 89' lang='grc' dir='ltr'>Ρ.</span> <span class='ocrx_word' id='word_1_290' title='bbox 1553 4213 1599 4251; x_wconf 76' lang='lat' dir='ltr'>orn.</span> 
     </span>
     <span class='ocr_line' id='line_1_35' title="bbox 580 4273 1566 4348; baseline 0.009 -25"><span class='ocrx_word' id='word_1_291' title='bbox 580 4275 604 4329; x_wconf 85' lang='lat'>&amp;</span> <span class='ocrx_word' id='word_1_292' title='bbox 618 4273 661 4330; x_wconf 78' lang='lat' dir='ltr'>ire.</span> <span class='ocrx_word' id='word_1_293' title='bbox 675 4304 710 4312; x_wconf 92' lang='lat'><strong>—</strong></span> <span class='ocrx_word' id='word_1_294' title='bbox 723 4289 750 4326; x_wconf 87' lang='lat' dir='ltr'>rr</span> <span class='ocrx_word' id='word_1_295' title='bbox 768 4273 860 4330; x_wconf 78' lang='lat' dir='ltr'>Abhinc</span> <span class='ocrx_word' id='word_1_296' title='bbox 873 4285 952 4330; x_wconf 80' lang='lat' dir='ltr'>rexncs</span> <span class='ocrx_word' id='word_1_297' title='bbox 967 4276 1003 4330; x_wconf 91' lang='grc' dir='ltr'>Μ.</span> <span class='ocrx_word' id='word_1_298' title='bbox 1014 4274 1116 4346; x_wconf 79' lang='lat' dir='ltr'>prorsus</span> <span class='ocrx_word' id='word_1_299' title='bbox 1127 4275 1247 4332; x_wconf 68' lang='lat' dir='ltr'>abhorret</span> <span class='ocrx_word' id='word_1_300' title='bbox 1256 4275 1331 4340; x_wconf 82' lang='lat' dir='ltr'>abeo,</span> <span class='ocrx_word' id='word_1_301' title='bbox 1343 4274 1387 4348; x_wconf 69' lang='grc' dir='ltr'>φα·</span> <span class='ocrx_word' id='word_1_302' title='bbox 1396 4275 1425 4329; x_wconf 76' lang='lat' dir='ltr'>in</span> <span class='ocrx_word' id='word_1_303' title='bbox 1436 4277 1460 4329; x_wconf 91' lang='grc' dir='ltr'>Ρ.</span> <span class='ocrx_word' id='word_1_304' title='bbox 1470 4275 1566 4348; x_wconf 62' lang='lat' dir='ltr'>prodat</span> 
     </span>
    </p>
   </div>
   <div class='ocr_carea' id='block_1_5' title="bbox 0 0 1856 5620">
    <p class='ocr_par' dir='ltr' id='par_1_6' title="bbox 0 0 1856 5620">
     <span class='ocr_line' id='line_1_36' title="bbox 0 0 1856 5620; baseline 0 0"><span class='ocrx_word' id='word_1_305' title='bbox 0 0 1856 5620; x_wconf 95' lang='lat' dir='ltr'> </span> 
     </span>
    </p>
   </div>
  </div>
 </body>
</html>
