3694 5626
590 495 638 572 86
1049 513 1174 566 ossan

518 758 689 828 1219quem
714 729 876 803 faciebant
903 731 1065 802 Sarraceni
1094 729 1262 828 fugiendo.
1292 731 1384 802 lirin
1409 758 1524 804 aurora
1546 733 1610 806 diei

480 857 544 904 ress.
555 869 577 920 ς.
588 841 704 911 Sansie
720 837 848 935 Agathe
861 837 947 908 faeta
959 837 1020 908 suit
1032 837 1286 932 tranquillitasin
1298 836 1442 930 flumine,
1452 841 1487 909 ἃ
1499 839 1610 911 Chris·
1621 861 1686 909 mm.
1696 879 1718 924 ρ.
1733 877 1801 924 1⁰91.

588 945 676 1034 tiani,
703 946 760 1040 qui
784 967 875 1016 erant
892 945 926 1014 in
942 943 1047 1040 lignis,
1076 941 1245 1014 audierunt
1268 971 1368 1015 unam
1386 970 1505 1016 vocem
1521 947 1609 1018 iuxta

585 1048 708 1122 flumen
736 1049 916 1120 dicentem:
948 1052 1168 1141 OClln'stiant',
1196 1053 1270 1143 quid
1282 1055 1421 1141 facitis?
1445 1056 1518 1120 Ecce
1535 1055 1608 1121 Sar·

582 1162 683 1227 ruceni
695 1183 795 1227 omnes
796 1161 937 1251 fugiunt,
951 1158 1425 1250 &nonertspet‘larporerjiliuml
1438 1156 1472 1226 Et
1479 1157 1608 1228 interim

582 1257 732 1334 viderunt
750 1287 853 1334 unum
869 1262 1006 1334 militem
1026 1259 1106 1332 albis
1123 1259 1272 1352 vestibus,
1298 1261 1386 1332 iuxta
1402 1259 1525 1332 flumen
1542 1261 1608 1334 hoc

583 1365 757 1456 dicentem,
780 1372 815 1438 δι
835 1369 1005 1438 confestim
1021 1365 1257 1438 descenderunt
1273 1366 1316 1438 ad
1337 1391 1454 1438 terram
1479 1371 1514 1439 ἃ
1538 1395 1607 1440 non

521 1551 525 1560 ¹
581 1475 773 1546 invenerunt
794 1473 849 1545 nist
870 1499 994 1571 paucos
1011 1475 1204 1545 Sarracenos
1222 1499 1279 1570 per
1296 1497 1452 1570 campum
1469 1476 1504 1544 ἃ
1518 1476 1606 1546 occi·

582 1579 698 1651 derunt
710 1607 767 1651 eos
786 1583 820 1652 ἃ
838 1581 957 1652 multos
968 1581 1161 1652 invenerunt
1176 1603 1336 1669 mortuos,
1352 1582 1387 1650 δι
1404 1582 1460 1676 qui
1477 1579 1605 1653 occide·

582 1684 721 1776 bareos,
740 1684 932 1759 nesciebant.

628 1793 692 1864 XV
695 1797 725 1863 ll.
746 1793 780 1862 Et
795 1795 988 1865 invenerunt
1008 1788 1179 1863 Christiani
1200 1793 1234 1862 in
1256 1790 1345 1862 dieto
1368 1817 1490 1889 campo
1508 1797 1604 1890 papi·

579 1897 694 1988 hones,
717 1896 873 1984 travaclas
900 1897 1067 1967 rarilhmas
1088 1900 1123 1968 δι
1141 1895 1256 1966 cultras
1285 1897 1482 1991 optimas&
1508 1923 1603 1969 orna·

580 2027 702 2090 menta,
734 2029 859 2092 aurum,
889 2025 1061 2099 argentum
1088 2005 1124 2073 &
1152 2001 1227 2073 vasa
1256 2027 1352 2073 aurea
1378 2005 1413 2072 δι
1437 2029 1601 2101 argentea,

579 2108 732 2198 camelos,
751 2106 851 2186 boues
864 2110 898 2178 ἃ
911 2106 1025 2198 asinos,
1043 2106 1227 2198 bistonum,
1245 2107 1382 2178 farinam
1393 2108 1601 2181 &hordeum

579 2214 727 2284 multum.
756 2211 853 2286 Unde
870 2237 1043 2286 renovatus
1066 2213 1110 2283 est
1127 2237 1214 2284 torus
1230 2215 1386 2284 exercitus
1403 2213 1600 2288 Christiano·

577 2345 659 2391 rum.
672 2321 767 2389 Tunc
779 2319 1004 2391 intellexerunt
1016 2317 1199 2406 Christiani,
1214 2316 1304 2413 quod
1318 2320 1482 2390 Dominus
1495 2323 1601 2394 noster

578 2427 658 2497 lesus
679 2425 821 2496 Christus
843 2423 1010 2496 transmisit
1034 2424 1170 2522 angelos
1194 2423 1268 2494 litos
1293 2422 1337 2494 ad
1361 2427 1599 2523 expugnandos

576 2531 659 2624 illos,
685 2533 740 2627 qui
764 2557 832 2602 non
858 2529 1005 2621 credunt,
1035 2531 1218 2601 Dominum
1240 2527 1358 2602 venisse
1383 2530 1417 2602 in
1439 2533 1599 2629 virginem

575 2638 722 2710 Mariam.
746 2637 781 2706 Et
809 2661 888 2706 tunc
916 2636 1089 2707 Christiani
1105 2659 1235 2710 cantare
1251 2635 1459 2732 inceperunt:
1487 2641 1598 2712 Gloria

575 2752 607 2818 in
625 2747 741 2841 excelsu
759 2749 828 2815 Deo
849 2746 884 2814 ἀ
905 2742 947 2812 ‘le
964 2748 1062 2814 Deum
1079 2739 1343 2813 &laudaverunt
1363 2743 1546 2816 Dominum
1564 2751 1599 2819 &

573 2854 706 2924 Beatam
737 2849 898 2949 Agathen.
929 2849 965 2919 Et
990 2849 1046 2922 illo
1077 2848 1129 2920 die
1166 2850 1342 2944 posuerunt
1369 2846 1506 2922 dillrisle
1538 2852 1597 2924 ad·

572 2959 698 3031 sedium
713 2959 748 3030 in
774 2957 907 3028 circuitu
931 2955 1093 3044 Damiate,
1127 2957 1171 3026 ita
1199 2950 1292 3050 quod
1316 2967 1401 3026 nec¹
1426 2958 1512 3030 exire
1536 2985 1598 3032 nec

573 3068 692 3136 intrare
709 3086 868 3162 poterant.

621 3171 731 3243 XVlll.
762 3169 856 3240 Tunc
889 3159 1108 3239 remanserunt
1138 3169 1173 3238 in
1210 3167 1363 3238 Damiata
1394 3165 1469 3239 lm
1494 3172 1595 3246 millia

571 3279 820 3350 sarracenorum
836 3279 871 3347 δι
891 3275 1074 3346 mulierum.
1100 3273 1135 3344 lit
1151 3274 1296 3376 fecerunt
1316 3272 1496 3370 arginalem
1513 3303 1593 3351 con.

572 3407 619 3454 tra
646 3385 822 3455 exercitum
852 3381 895 3454 de
922 3380 1073 3474 biscotto,
1103 3379 1144 3452 de
1166 3379 1271 3468 caseo,
1301 3375 1343 3448 de
1372 3377 1527 3452 lardo&
1553 3383 1594 3456 de

570 3491 638 3562 aliis
659 3487 859 3580 victumne,
887 3483 1057 3584 dequibus
1075 3484 1239 3560 habebant
1254 3483 1499 3559 abundantiam.
1530 3489 1592 3562 Sed

570 3595 613 3669 de
635 3623 722 3695 pane
748 3597 868 3666 recenti
884 3598 919 3667 ἀ
935 3597 1014 3668 vino
1038 3597 1073 3666 δε
1099 3593 1140 3666 de
1165 3619 1262 3667 carne
1289 3593 1412 3666 frescha
1434 3593 1592 3666 caristiam

570 3729 727 3801 magnam
750 3699 925 3792 habebant,
953 3701 998 3771 ita
1021 3699 1112 3796 quod
1137 3701 1217 3772 aries
1242 3725 1325 3770 unus
1346 3723 1367 3768 x
1388 3700 1489 3770 unciis
1514 3727 1592 3773 ven·

570 3808 654 3881 ditus
680 3811 741 3882 fuit
760 3810 796 3878 ἃ
823 3833 887 3878 una
911 3805 1034 3905 gallina
1059 3830 1120 3876 inor
1140 3803 1250 3876 soldos
1284 3807 1319 3875 &
1352 3829 1454 3874 unum
1489 3833 1591 3878 ovum

569 3915 653 3988 duos
673 3913 802 4005 soldos3
828 3913 984 3984 caristiam
1010 3913 1078 3984 vini
1102 3909 1363 4010 non·pollumus
1389 3937 1588 4000 enumerare,

570 4047 655 4095 certe
666 4047 742 4093 cum
755 4019 926 4112 lachrymis
935 4018 1150 4116 unusquisque
1160 4031 1174 4066 ²
1185 4016 1388 4116 loquebatur.
1403 4019 1510 4090 Tanta
1521 4043 1590 4092 erat

607 4287 617 4322 t
632 4269 672 4324 M.
685 4283 731 4322 om.
745 4283 799 4322 uec.
811 4295 846 4306 -
859 4285 873 4319 a
888 4268 926 4324 M.
940 4265 1079 4340 unicuique.
