3694 5626
588 513 654 589 rbo
829 539 941 593 monn
965 539 1116 596 uunturr
1140 543 1364 600 cauteriem

511 781 571 830 1²19
582 759 760 830 multorum
768 760 1024 834 Christianorum
1037 761 1191 836 habentes
1204 767 1313 838 secum
1326 772 1444 865 capita,
1456 771 1606 842 veniente

583 869 691 955 noue,
710 864 912 956 recellerunt,
940 871 1048 958 nostri,
1076 895 1210 968 quoque
1227 875 1336 946 multis
1354 877 1606 947 sarracenorum

583 971 692 1043 occifis
715 998 755 1043 ac
781 997 934 1068 quattuor
950 975 1112 1048 amiraldis
1128 1004 1242 1050 eorum
1258 983 1372 1078 captis,
1396 983 1554 1054 vulnerati
1571 985 1607 1053 ὅ(

582 1079 720 1150 multum
733 1082 832 1153 tristes
848 1083 931 1154 infra
944 1083 1030 1155 levas
1043 1086 1116 1158 sunt
1129 1089 1259 1182 recepti,
1280 1087 1387 1184 ficque
1399 1089 1510 1162 claufir
1525 1090 1602 1161 diet.

820 1299 871 1364 Ue
883 1299 999 1367 decimo
1016 1301 1141 1368 adventu
1160 1303 1362 1393 Pagonorum.

460 1503 521 1564 ⁸⁶⁹⁸·
535 1513 569 1560 ¹4
631 1505 842 1577 xliii-XMV.
875 1512 907 1579 ln
931 1507 1134 1580 Exaltacione
1162 1513 1277 1582 Sanste
1299 1513 1415 1583 Crucis
1445 1515 1605 1610 principes

582 1611 807 1684 Romanorum
825 1616 859 1683 δι
875 1615 1046 1710 episcopus
1070 1617 1214 1713 Ungarie
1233 1619 1267 1688 &
1286 1643 1397 1688 comes
1413 1619 1606 1715 Belquilinus

583 1747 659 1792 cum
672 1722 779 1792 multis
796 1721 864 1790 aliis
881 1723 1058 1820 peregrinis
1079 1721 1281 1794 recesserunt.
1307 1729 1340 1794 ln
1359 1725 1405 1794 his
1423 1727 1522 1796 etiam
1538 1725 1605 1797 die-

583 1826 642 1898 bus
655 1828 813 1925 applicuit
824 1825 992 1898 Savarilius
1006 1827 1047 1898 de
1055 1829 1198 1900 Malieon
1207 1855 1283 1900 cum
1296 1830 1484 1925 quindecim
1496 1831 1605 1928 galeis,

583 1935 616 2005 in
634 1932 749 2029 quibus
767 1933 860 2003 multi
877 1957 969 2004 erant
986 1936 1156 2031 peregrini.
1188 1939 1315 2007 {nterim
1333 1939 1436 2008 rursus
1455 1936 1605 2008 soldanus

583 2038 665 2110 misit
682 2065 741 2137 per
753 2065 869 2111 omnes
883 2037 1050 2111 babilonie
1067 2043 1252 2136 provincias
1267 2041 1397 2114 dicens:
1414 2049 1438 2114 S
1439 2052 1452 2113 i
1464 2049 1532 2136 quis
1544 2046 1607 2113 vult

583 2150 690 2216 babere
704 2151 732 2216 C
732 2153 891 2239 ltristr'unos
896 2149 1031 2240 sclavos,
1048 2155 1104 2218 lrttc
1116 2157 1227 2234 veniat,
1242 2177 1330 2241 quum
1337 2156 1495 2244 principes
1507 2177 1606 2220 eorum

583 2257 787 2348 manuisum,
813 2253 947 2324 &Deus
972 2281 1071 2323 eorum
1090 2256 1180 2348 longe
1204 2262 1243 2348 efl
1267 2260 1304 2326 ab
1329 2263 1384 2343 tis,
1411 2257 1442 2326 ὂ
1466 2263 1530 2326 vivi
1545 2263 1604 2326 iant

576 2363 727 2454 fugiunt!
754 2363 870 2429 lterum
895 2359 1113 2430 fraudulenter
1138 2363 1271 2454 paclum
1299 2361 1375 2432 fecit
1391 2365 1426 2433 δι
1442 2359 1539 2432 nobis
1555 2361 1607 2432 lir-

585 2491 673 2536 mare
683 2465 796 2536 voluit.
811 2465 889 2534 Hoc
901 2491 1011 2536 autern
1023 2493 1135 2560 vetum
1151 2463 1225 2556 effe,
1239 2470 1433 2561 putavimus,
1447 2467 1501 2538 sed
1519 2469 1549 2538 le
1574 2497 1607 2541 a·

586 2555 900 2668 [ΨΜ
913 2560 1037 2656 sedsita
1054 2597 1114 2672 nos
1130 2573 1160 2642 l'e
1173 2570 1266 2667 polle
1276 2567 1536 2670 deluderesspei‘
1566 2567 1606 2647 at.

584 2677 744 2748 Soldanus
765 2678 861 2774 igitur
884 2676 1089 2772 exspee'labat
1106 2679 1239 2749 navium
1260 2679 1479 2770 receffionem,
1503 2679 1557 2750 sed
1574 2681 1608 2751 ὅ(

586 2809 645 2854 nos
661 2782 839 2855 adventum
856 2783 991 2853 aliarum
1009 2780 1222 2878 sperabamus.

419 2883 572 2943 ⁸⁶92²³'²⁹·
633 2889 728 2961 XLV.
757 2893 789 2960 ln
818 2889 930 2959 ultima
955 2887 1143 2960 ebdomada
1171 2888 1284 2960 menfis
1305 2889 1502 2987 Septembris
1524 2891 1608 2964 duo-

586 2995 693 3066 decim
718 3019 816 3066 naves
842 3019 906 3064 una
936 2992 989 3064 die
1017 2993 1058 3065 de
1084 3019 1181 3091 portu
1212 2997 1366 3088 exierunt,
1394 3001 1429 3068 ἀ
1458 2997 1607 3070 soldanus

585 3101 691 3170 {latim
708 3101 833 3196 exspuit
847 3105 988 3194 padum.

463 3207 522 3268 ⁸²P‘·
535 3209 572 3254 ²⁶·
634 3205 740 3277 XLVl.
769 3211 802 3276 ln
831 3206 919 3276 sexto
946 3206 1096 3278 calendas
1124 3205 1280 3279 Octobris
1307 3235 1465 3280 venerunt
1492 3211 1608 3307 Pagani

587 3339 625 3385 ex
653 3335 787 3407 utraque
816 3335 906 3408 parte
934 3337 993 3406 per
1021 3337 1137 3384 terram
1164 3318 1199 3385 ἀ
1225 3313 1370 3384 labulum
1397 3317 1441 3404 ἃ,
1472 3314 1607 3386 soldano

586 3415 727 3507 iubente,
745 3414 897 3487 foliatum
916 3419 1060 3487 nostrum
1076 3419 1283 3490 intraverunt.
1303 3421 1392 3492 Dixit
1409 3423 1508 3508 enim,
1523 3447 1608 3513 quarn

588 3529 753 3616 Christiani
769 3527 873 3616 desunt
890 3523 920 3592 ἃ
939 3527 1035 3594 nichil
1058 3528 1180 3595 valent!
1197 3526 1344 3596 Putantes
1369 3551 1489 3614 autem,
1519 3524 1609 3622 quod

588 3627 764 3719 dicebatur,
778 3626 829 3698 eff
825 3655 842 3698 e
855 3655 979 3717 verum,
998 3629 1102 3726 plures
1120 3633 1262 3726 ipsorum
1276 3633 1432 3704 intravere
1447 3629 1609 3722 foliatum,

588 3761 729 3832 quorum
753 3733 846 3804 multi
872 3735 943 3804 sunt
967 3734 1074 3826 occifi,
1100 3739 1246 3832 &pauci
1268 3736 1309 3808 ad
1328 3737 1502 3808 dominum
1520 3741 1610 3808 suum

586 3841 759 3915 soldanum
779 3841 851 3910 sunt
867 3839 979 3912 reversi
997 3839 1156 3914 dicentes:
1179 3848 1322 3930 Domine,
1334 3847 1436 3938 sclavi
1455 3849 1503 3936 isti
1523 3846 1611 3914 valde

586 3953 816 4042 dampnaverunt
831 3953 905 4017 nos!
922 3949 1068 4018 fixerunt
1086 3971 1193 4019 autem
1213 3971 1367 4043 quattuor
1385 3949 1610 4046 manganellos

588 4077 702 4124 contra
719 4077 790 4141 nos,
809 4051 865 4122 sed
881 4055 990 4150 gracia
1008 4055 1071 4125 Dei
1089 4054 1187 4125 nichil
1204 4051 1298 4124 nobis
1315 4077 1508 4142 nocuerunt,
1536 4057 1611 4150 quia

589 4159 677 4228 Deus
696 4181 763 4227 erar
780 4155 958 4228 nobiscum.
