3694 5626
506 533 546 584 nv
565 531 764 584 oestntour.
784 530 982 590 partiare..
1015 559 1018 564 -
1191 505 1253 582 161

237 864 287 928 Ue
306 861 461 928 undecimo
480 864 674 950 Pagunorum
697 861 823 927 adventu
844 856 1064 947 &perdicione
1084 861 1256 946 nostrorum.
1275 888 1340 935 1219.

106 1087 124 1134 f.
140 1089 182 1136 181
197 1088 219 1135 u.
252 1097 253 1100 ¹
282 1069 401 1143 XLVtt.
429 1074 464 1140 ln
484 1067 537 1140 die
561 1071 756 1142 sanctorum
772 1069 896 1140 Cosme
914 1072 948 1142 ὅ(
966 1071 1121 1140 Damiani
1145 1071 1261 1140 iterum
1275 1082 1334 1142 Sero
1346 1095 1383 1140 27·

231 1202 391 1248 venerunt
406 1202 482 1248 ante
496 1177 641 1248 nostrum
659 1173 825 1266 fossatum,
841 1177 986 1271 &pauci
1002 1174 1044 1246 de
1057 1175 1169 1248 nostris
1187 1201 1259 1246 exe·

233 1307 326 1356 untes
351 1285 418 1354 cito
443 1281 539 1354 occist
558 1284 631 1353 su'nt
648 1279 690 1354 ab
707 1283 761 1352 eis.
789 1284 910 1377 inipso
936 1281 989 1352 die
1007 1281 1162 1354 volebant
1185 1308 1262 1352 cum

232 1386 333 1460 herba
359 1389 504 1460 nostrum
529 1389 665 1486 implere
692 1386 847 1458 fossatum
867 1391 901 1458 ὅ(
923 1414 981 1483 pre
1008 1387 1122 1458 validis
1144 1387 1262 1460 viribus

232 1495 411 1592 supernos
438 1497 557 1566 venire.
593 1498 689 1567 Tunc
715 1493 782 1564 duo
808 1519 848 1564 ex
872 1493 931 1564 iliis
957 1519 1107 1566 exeuntes
1132 1493 1174 1566 ad
1201 1521 1262 1566 nos

233 1599 403 1674 dixerunt:
431 1605 655 1693 OClut'flt'atu',
670 1606 759 1690 firmi
782 1607 887 1692 estote!
913 1608 970 1697 lpfi
988 1607 1064 1672 enim
1082 1603 1185 1672 volunt
1200 1607 1262 1694 ves-

233 1732 308 1778 trum
338 1711 462 1801 impiere
478 1710 626 1800 soffarum
651 1708 682 1776 ee
710 1733 777 1776 aure
802 1734 855 1778 vos
877 1711 942 1776 dies
967 1713 1033 1778 odio
1046 1715 1140 1800 stare,
1160 1711 1263 1804 sedft

233 1817 323 1884 modo
337 1817 504 1884 habueritis
517 1817 686 1900 vitiorium,
705 1839 812 1884 terram
829 1817 1023 1908 Puguuorum
1036 1817 1168 1883 obtinere
1176 1841 1263 1908 pote·

233 1920 439 1990 titiitoram.
469 1921 565 2016 igitur
591 1943 694 2013 quum
718 1920 1033 2014 appropinquaverit
1056 1919 1166 2014 gracia
1190 1921 1264 2010 Dei,

234 2022 389 2096 fossatum
402 2026 559 2112 nostrum,
578 2049 659 2115 non,
675 2051 709 2096 ut
722 2048 982 2123 preparaverant,
1000 2025 1134 2120 implere
1148 2051 1264 2122 potue·

235 2155 318 2204 runt.
336 2133 431 2204 Tunc
447 2157 617 2204 erexerunt
633 2131 760 2204 castella
782 2130 824 2203 de
840 2132 949 2230 lignis,
967 2155 1081 2202 contra
1100 2157 1161 2204 nos
1181 2132 1264 2228 pres·

236 2237 384 2310 tolantes.

284 2344 467 2416 XLVIII-Li.
496 2344 655 2440 Quinque
672 2368 782 2414 autem
808 2341 849 2414 de
867 2343 991 2428 nostris,
1018 2344 1107 2416 malo
1125 2341 1168 2415 usi
1185 2371 1264 2416 con·

236 2447 316 2540 filio,
344 2451 485 2546 pecunia
509 2447 551 2520 ab
581 2451 626 2522 eis
657 2473 805 2546 accepta,
832 2450 1017 2522 iuraverunt
1047 2451 1102 2538 eis,
1127 2473 1266 2546 pontem

237 2555 269 2625 se
300 2555 444 2626 nostrum
470 2557 716 2650 interrupturos,
741 2556 776 2624 ἀ
804 2555 849 2626 ita
868 2556 1034 2626 Sarraceni
1064 2581 1141 2628 cum
1168 2558 1267 2654 galeis

239 2663 404 2733 civitatem
431 2664 639 2732 intraverunt.
672 2663 900 2752 uersantem,
928 2665 1028 2733 sciens
1045 2664 1268 2759 cogitaciones

238 2766 424 2856 hominum,
441 2769 607 2864 inspiravit
624 2770 679 2838 uni
697 2767 738 2838 de
757 2767 816 2838 illis
830 2767 1056 2864 penitudinem
1075 2767 1193 2858 desisti,
1211 2771 1268 2863 qui

241 2869 463 2944 consessus'est
475 2875 550 2944 hoc.
570 2879 602 2944 ln
618 2873 680 2942 alia
693 2874 791 2969 igitur
809 2871 861 2944 die
875 2875 1060 2964 Christiani,
1077 2897 1152 2943 cum
1167 2899 1266 2944 manu

240 2977 348 3050 vaiida
373 3005 536 3069 exeuntes,
566 2976 811 3050 combusserunt
839 2977 973 3050 herbam
999 2981 1194 3066 Sarracenis‚
1231 3007 1269 3050 ert

242 3107 320 3154 tunc
345 3083 540 3157 abeuntibus
564 3109 640 3153 cum
665 3084 792 3154 tristicia
815 3085 974 3178 nobisque
998 3085 1116 3180 piacita
1140 3084 1269 3156 firmare

242 3189 438 3282 volentibus,
456 3217 496 3263 eo
517 3189 609 3286 quod
628 3191 716 3260 Deus
734 3187 870 3262 visitaret
888 3189 1018 3287 plebem
1036 3191 1134 3262 suam.

536 3410 586 3472 ‘De
602 3409 742 3499 occifione
761 3408 966 3496 Paganorum.

1414 3577 1419 3607 Ι

292 3618 421 3689 Lli-Llsl.
438 3619 472 3686 sn
485 3616 564 3686 sesto
577 3615 740 3720 Omnium
757 3617 950 3687 Sandorum
967 3613 1096 3708 Pagani,
1114 3612 1271 3703 videntes,
1284 3641 1344 3686 vot.
1359 3655 1377 3686 ι.

246 3721 337 3820 quod
363 3747 431 3792 non
456 3745 609 3818 poterant
633 3721 797 3792 civitatem
821 3721 967 3808 retinere,
996 3717 1152 3790 volebant
1177 3717 1272 3790 nobis

246 3829 370 3902 tradere
384 3854 468 3918 eam,
496 3855 599 3924 quum
613 3830 677 3898 Dei
689 3829 837 3924 potentia
851 3828 894 3897 ita
911 3822 1077 3921 affligebat
1094 3851 1161 3914 eos,
1180 3825 1272 3920 quod

246 3939 298 4008 vix
314 3937 428 4030 aliquis
445 3936 479 4004 in
505 3937 633 4006 civitate
656 3933 776 4028 absque
795 3933 887 4030 gravi
908 3932 1065 4028 languore
1083 3957 1158 4002 erat.
1184 3932 1272 4004 Exie-

246 4066 320 4112 runt
343 4043 453 4137 itaque
480 4039 548 4112 duo
573 4041 711 4128 amirarij
741 4037 782 4108 de
812 4039 940 4107 civitate
968 4034 1070 4106 &ad
1097 4039 1273 4107 tentorium

248 4145 375 4218 domini
392 4145 492 4242 legati
505 4148 540 4216 ἃ
553 4148 637 4241 regis
654 4146 819 4216 venientes
836 4141 936 4212 locuti
953 4141 1026 4212 sunt
1040 4143 1095 4230 eis,'
1113 4143 1205 4212 tertia
1222 4139 1275 4211 die

250 4251 419 4324 tradituros
437 4252 469 4322 se
485 4251 674 4322 Christianis
691 4251 866 4320 civitatem.
896 4246 959 4319 Sed
978 4249 1072 4318 tertio
1090 4245 1154 4338 die,
1180 4247 1214 4317 id
1232 4249 1275 4318 est

1104 4400 1132 4434 2!
