3688 5640
245 2685 407 2784 proficisci
416 2683 980 2783 desiderantibus,apudVIerdr'ngen
989 2687 1268 2786 congregatisunt.

294 2793 424 2890 Qrarto
441 2793 539 2890 igitur
555 2790 709 2862 calendas
731 2795 808 2884 {unij
826 2791 904 2863 dini
925 2794 991 2862 iarn
1008 2794 1168 2891 peregrini
1187 2794 1218 2863 se
1236 2796 1270 2864 δι
1281 2805 1338 2868 Maj·
1349 2820 1386 2867 29·

244 2902 300 2972 sua
318 2902 393 2972 Deo
419 2896 702 2990 commendantes,
729 2897 880 2997 oppansis
905 2899 993 2990 velis,
1021 2925 1097 2970 curn
1122 2901 1269 2971 trecentis

246 3008 312 3078 fere
327 3004 463 3080 navibus
473 3007 530 3078 leti
550 3032 641 3077 mare
661 3005 896 3098 conscendunt,
910 3005 1126 3101 vehentesque
1139 3005 1182 3078 ad
1195 3033 1270 3102 por·

246 3137 316 3184 turn
332 3113 463 3212 Anglie,
489 3115 545 3209 qui
562 3111 921 3205 Dirrhmude²dicitur‚
946 3113 1160 3204 Guilelmum,
1185 3114 1270 3185 Hol-

244 3221 366 3293 lensem
388 3221 557 3312 comitem,
581 3221 615 3289 in
637 3218 811 3290 dominum
833 3219 951 3292 milicie
973 3221 1191 3292 communiter
1208 3222 1270 3292 sus·

246 3329 380 3424 cipiunt,
409 3325 466 3398 sub
484 3353 551 3423 quo
577 3326 665 3425 leges
688 3330 723 3398 &
740 3353 828 3401 nova
844 3329 913 3398 iura
929 3326 974 3399 ob
991 3329 1080 3424 pacis
1098 3325 1271 3401 observan-

245 3437 331 3506 ciam
347 3435 420 3506 sunt
445 3436 571 3508 statuta.
598 3435 716 3506 Tercio
743 3459 847 3506 nonas
864 3432 1005 3506 eiusdem
1024 3431 1139 3506 mensis
1156 3449 1331 3532 pene-1⁰¹1·
1344 3462 1364 3510 3·

245 3543 337 3614 niunt
366 3540 409 3612 ad
437 3566 527 3612 mare
551 3543 781 3635 Britannicum,
815 3541 870 3615 ubi
897 3545 979 3616 inter
1003 3570 1096 3641 rupes
1125 3546 1161 3615 in
1190 3545 1272 3615 mari

243 3649 378 3721 latentes
390 3661 402 3710 ³
414 3650 505 3722 navis
520 3648 561 3720 de
571 3649 763 3722 Monnheim
776 3651 943 3724 confracia
956 3652 1011 3739 est,
1025 3650 1125 3744 unde,
1141 3651 1270 3748 reliquis

244 3754 380 3830 navibus
405 3755 566 3830 anchoras
587 3757 621 3827 in
644 3755 710 3828 fine
731 3759 880 3855 posterne
905 3756 994 3855 apud
1015 3760 1171 3830 Sanstum
1187 3759 1269 3828 Mat-

244 3861 356 3962 theum
372 3861 558 3961 figentibus,
568 3863 717 3935 homines
727 3878 744 3924 4
754 3864 924 3963 naufragio
938 3863 1091 3962 probati⁵
1105 3863 1147 3936 de
1159 3870 1268 3960 rupe‚⁶

246 3997 346 4068 quarn
359 3969 580 4064 ascenderant,
598 3971 671 4044 sunt
687 3970 803 4045 eduffl.
823 3973 911 4044 Hinc
924 3974 1119 4070 perveniunt
1131 3971 1174 4043 ad
1192 3997 1268 4069 por·

281 4207 292 4240 r
318 4189 347 4242 B.
365 4188 456 4240 recenti
477 4206 552 4240 manre
572 4186 725 4254 G[irnrdur].
822 4207 840 4252 4
859 4187 885 4238 B.
907 4185 1004 4239 fratres.
1020 4215 1056 4224 -
1077 4205 1090 4255 ς
1111 4189 1187 4240 Codd.
1209 4203 1271 4237 nau-

244 4299 279 4308 -
296 4288 311 4322 ι
331 4269 369 4322 Sic
380 4271 407 4322 B.
420 4267 504 4320 melius
520 4285 594 4338 quam
609 4268 650 4319 Vn
669 4267 727 4320 Dir-
788 4265 852 4336 fragi
865 4267 993 4337 probatos.
1009 4295 1041 4306 -
1060 4271 1075 4319 6
1089 4267 1117 4320 B.
1134 4269 1197 4320 rede
1208 4265 1271 4336 sup-

245 4349 360 4405 chumde.
377 4377 408 4388 -
429 4367 442 4416 3
456 4349 483 4402 B.
498 4348 527 4400 Β
539 4349 569 4401 V.
585 4346 725 4400 latentibus.
785 4346 842 4417 pler.
