3694 5626
580 459 626 533 82
1041 470 1167 524 ousta

492 705 549 752 ¹218
579 699 701 768 tettan
717 693 817 764 fidem
834 693 971 764 Domini
986 691 1084 763 nostri
1097 689 1184 762 lhesu
1195 687 1313 760 Christi
1330 686 1472 760 crucifixi
1482 691 1517 759 δι
1530 701 1539 735 ¹
1552 691 1601 762 in·

579 802 709 877 dividue
725 801 889 871 Trinitatis
911 825 968 870 eos
993 819 1181 870 convertere
1197 792 1363 892 poffimus.

625 912 691 982 Xll.
713 909 803 980 Cum
821 930 931 976 autem
951 907 1133 1003 cogitarent
1149 904 1332 994 Christiani,
1351 903 1486 999 qualiter
1502 929 1601 976 naves

400 1033 514 1080 Novemb·
528 1046 563 1092 30·
577 1045 694 1092 eorum
710 1041 877 1112 apponere
895 1011 1034 1110 possent,
1058 1015 1093 1083 in
1112 1013 1193 1084 festo
1215 1013 1323 1084 saneti
1348 1010 1480 1084 Andree
1491 1025 1506 1058 ²
1517 1012 1600 1082 ceci·

577 1124 625 1196 dir
652 1148 719 1196 tarn
742 1146 864 1219 magna
889 1120 1058 1215 tempestas
1081 1116 1124 1190 ab
1145 1124 1219 1190 aere
1231 1133 1242 1178 ³
1255 1122 1290 1189 ὅ(
1306 1118 1415 1214 pluvia
1434 1121 1479 1189 ita
1495 1120 1601 1216 super-

576 1227 788 1319 habundavit,
816 1227 933 1324 quod4
951 1222 1084 1296 Paradisr
1110 1223 1248 1298 fluvius⁵
1265 1250 1334 1296 non
1362 1224 1601 1298 discernebatur

576 1363 596 1407 a
616 1338 708 1424 mari,
726 1339 761 1406 δι
781 1361 866 1430 aqua
887 1358 957 1405 tota
983 1333 1067 1402 faeta
1087 1331 1131 1402 est
1153 1331 1357 1402 amariffima.
1384 1330 1426 1402 Ex
1444 1332 1497 1404 illa
1519 1357 1599 1404 tem·

575 1443 695 1540 pestate
724 1444 759 1512 &
792 1437 961 1536 pulsione⁶
981 1463 1155 1511 ventorum
1180 1442 1294 1510 omnia
1324 1442 1500 1537 temptoria
1526 1440 1600 1510 sunt

575 1546 667 1619 scissa
689 1548 805 1622 virtute
830 1571 1017 1631 ventorum,
1046 1547 1082 1616 &
1105 1547 1217 1616 omnia
1235 1545 1311 1618 loca
1337 1549 1492 1618 exercitus
1513 1547 1599 1618 satta

575 1655 647 1724 sunt
668 1654 800 1750 aquosa,
826 1655 870 1724 ita
891 1651 982 1747 quod
1008 1651 1158 1722 homines
1180 1649 1225 1722 ibi
1245 1676 1356 1724 natare
1372 1676 1535 1749 poterant,
1564 1655 1598 1724 ἃ

574 1761 667 1857 panis
696 1763 731 1831 δε
762 1784 873 1830 carnes
901 1757 1063 1829 &farina
1094 1759 1129 1829 dt
1163 1757 1362 1830 frumentum
1394 1762 1429 1830 δι
1459 1759 1597 1831 ordeum

573 1870 608 1937 ἀ
636 1869 748 1937 omnia
778 1865 929 1938 vislualia
952 1865 987 1935 in
1020 1865 1088 1959 ipsa
1117 1861 1275 1936 natabant
1308 1889 1406 1961 aqua,
1435 1869 1470 1936 δι
1503 1865 1597 1936 multi

574 1973 704 2062 infirmi,
740 1973 796 2066 qui
820 1973 854 2040 in
871 1967 943 2066 ipsrs
960 1970 1066 2041 castris
1082 1968 1243 2062 iacebant,
1272 1997 1312 2042 ex
1327 1997 1486 2068 ,aquarum
1502 1973 1597 2042 inun-
1608 1977 1643 2024 Μ
1656 1978 1673 2025 f·
1685 1979 1716 2025 ⁶²
1731 1977 1758 2024 ὓ-

574 2077 707 2150 datione
728 2079 849 2148 mortui
875 2077 957 2148 sunt.
983 2076 1024 2147 Ea
1045 2102 1123 2149 veto
1143 2075 1196 2149 die
1221 2059 1364 2172 queddin
1391 2076 1597 2150 munitissime

573 2211 671 2256 naves
690 2185 834 2254 maximo
847 2195 860 2239 ⁷
875 2179 987 2254 labore
1002 2185 1037 2253 &
1052 2181 1226 2254 indefinitis
1239 2181 1382 2281 expensis
1403 2184 1596 2278 co'nstrusle,

572 2293 607 2362 in
625 2288 741 2386 quibus
759 2289 842 2360 scale
864 2286 1002 2361 mirabili
1021 2288 1126 2360 modo
1147 2289 1294 2362 ordinate
1313 2315 1375 2388 pro
1397 2292 1527 2365 civitate
1544 2317 1596 2364 ca·

573 2395 694 2493 pienda
706 2419 797 2468 erant
810 2393 969 2492 apposite,
987 2399 1021 2467 &
1033 2395 1046 2442 ⁸
1057 2397 1159 2470 ventis
1172 2395 1307 2492 impulse
1319 2398 1386 2468 &a
1401 2399 1594 2470 Sarraceno-

571 2529 643 2574 rum
656 2525 747 2599 parte
761 2503 833 2572 sunt
845 2504 1000 2598 pronde,
1013 2528 1104 2598 quas,
1117 2500 1212 2573 nobis
1225 2501 1418 2593 videntibus,
1431 2505 1595 2577 Sarraceni

570 2610 647 2706 igne
664 2629 898 2680 cremaverunt.
933 2605 1030 2681 Unde
1050 2609 1221 2682 Christiani
1240 2607 1408 2704 planelutn
1434 2635 1595 2709 magnum

572 2716 727 2804 fecerunt,
760 2713 931 2786 mestitiam
960 2711 1115 2786 habentes
1139 2718 1174 2785 ἃ
1199 2713 1350 2786 dolorem
1371 2715 1519 2808 cordis,⁹
1546 2716 1592 2789 di-

571 2843 695 2892 centes:
722 2824 807 2890 ‘Deus
826 2827 865 2912 efl
885 2823 972 2889 nobis
994 2826 1179 2892 contrarius!
1195 2833 1223 2868 ¹⁰
1242 2823 1287 2911 &‚
1306 2834 1330 2868 ¹¹
1351 2819 1431 2916 quid
1442 2835 1471 2870 ¹²
1487 2823 1593 2895 facete

571 2923 737 3016 deberent,
750 2926 878 3022 penitus
885 2923 1092 3023 ignorabant,
1106 2928 1343 3022 quia¹³anteire
1352 2953 1420 2999 non
1430 2951 1592 3025 poterant,

570 3053 656 3102 retro
674 3057 752 3102 vero
769 3031 872 3104 redire
888 3058 958 3104 non
976 3031 1184 3126 valebant,&
1196 3029 1371 3130 src¹4quast
1387 3033 1545 3131 desperati
1557 3036 1592 3104 in

571 3133 683 3208 sabulo
705 3135 987 3232 permanebant.¹⁵
1005 3139 1131 3211 Etcum
1152 3137 1315 3236 predislus
1332 3139 1485 3212 dominus
1500 3141 1591 3238 lega·

571 3265 620 3314 tus
638 3240 716 3314 esset
728 3245 762 3313 in
781 3267 903 3341 magna
921 3242 1125 3318 tribulatione
1142 3269 1218 3316 cunt
1232 3244 1381 3342 predislir
1393 3246 1590 3336 Christianis,

570 3351 604 3419 in
621 3346 774 3420 fossatum
798 3349 830 3420 se
851 3350 885 3421 in
907 3375 1002 3422 cruce
1020 3349 1165 3424 extendit
1180 3354 1225 3443 &‚
1250 3351 1458 3451 discooperto
1473 3353 1590 3450 capite,

569 3455 636 3526 alta
652 3479 735 3527 voce
756 3454 922 3528 clamavit:
949 3462 1082 3529 Domine
1103 3463 1169 3554 Iesu
1186 3461 1311 3551 Clubse,
1335 3467 1387 3553 qui
1412 3466 1556 3532 excitano
1570 3487 1590 3528 α

571 3564 674 3649 Petro,
703 3567 787 3630 trtius
820 3564 960 3632 navicula
992 3566 1190 3658 demergebat,
1226 3567 1402 3658 respondit:
1439 3564 1590 3636 MODICE

608 3832 617 3863 ι
634 3813 659 3865 P.
667 3813 721 3882 lege
737 3814 920 3885 individueque.
935 3845 968 3857 —
979 3836 993 3868 a
1004 3819 1029 3870 P.
1035 3817 1119 3886 suppl.
1128 3819 1159 3870 tr.
1169 3835 1226 3883 -3
1241 3819 1266 3870 Ρ.
1279 3835 1327 3871 ete.
1343 3846 1374 3858 -
1389 3837 1407 3880 4
1422 3820 1461 3872 M.
1470 3818 1531 3888 lega
1545 3837 1589 3888 per

569 3909 592 3960 p.
609 3891 720 3945 fluvium.
737 3923 771 3934 --
788 3915 801 3962 ς
820 3897 847 3948 Ρ.
871 3895 983 3948 fluvium.
995 3901 1056 3948 -6
1080 3897 1105 3948 P.
1122 3897 1271 3966 expulsione.
1286 3915 1346 3960 -7
1367 3899 1404 3950 M.
1427 3897 1541 3952 martime.
1553 3929 1589 3938 -

570 3974 633 4025 sM.
653 3991 675 4024 a.
694 4003 725 4014 -
744 3993 758 4040 9
775 3977 800 4028 1³.
815 3977 839 4028 ἃ
857 3977 970 4030 dolorem
986 3978 1068 4030 cordis
1086 3977 1213 4031 babentes.
1227 4008 1261 4048 -7
1273 3981 1343 4031 101’.
1361 3977 1499 4031 contrarius
1515 3981 1588 4032 nobie

568 4051 611 4104 est.
623 4081 658 4090 —
673 4070 700 4103 ιι
714 4055 828 4124 slsum.
842 4085 876 4095 -
892 4074 922 4110 ra
933 4057 958 4108 P.
969 4058 1046 4126 quod.
1060 4087 1095 4097 -
1104 4075 1134 4123 ¹3
1145 4059 1170 4110 P.
1180 4059 1241 4110 add.
1253 4056 1359 4127 penitus.
1371 4087 1406 4096 -
1421 4075 1452 4121 14
1461 4059 1499 4110 M.
1500 4059 1584 4128 suppl.

568 4159 603 4168 -
619 4149 627 4180 t
635 4149 647 4197 5
674 4129 745 4184 Toou
762 4132 802 4185 tic
816 4133 898 4202 mut
910 4135 944 4188 ab
957 4137 992 4188 Et
1005 4151 1062 4188 cum
1075 4135 1199 4206 predislut
1210 4136 1284 4206 usqtu
1295 4137 1333 4190 ed
1345 4137 1454 4189 mensem
1469 4135 1587 4210 febntarij

568 4209 630 4280 deest
643 4209 668 4261 itt
682 4209 707 4261 P.
