3694 5626
460 531 511 584 DE
530 533 705 586 IOHANNE
722 535 823 588 REGE
839 535 1063 592 IERUSALEM.
1215 539 1280 622 137

253 773 342 820 natus
353 751 423 840 fui,
450 752 517 820 dies
542 751 602 820 illa
624 749 655 818 ὁ
680 758 734 844 istu
756 779 815 824 non
833 779 1015 847 computetur
1040 763 1071 824 in
1088 759 1192 826 diebus
1209 763 1354 836 nnni1219

254 851 342 944 (lob,
362 873 416 944 111,
437 856 524 951 3·b),
542 862 613 948 quia
631 885 771 956 magnam
788 863 995 954 obscuritatem
1013 863 1122 931 obtulit
1142 869 1281 957 Paganis

254 962 462 1056 &sanguinis
482 965 670 1057 effufionent!
693 965 808 1036 Nullus
829 963 971 1036 audebat
995 993 1070 1036 eum
1087 967 1221 1062 alloqui,
1246 971 1280 1040 δι

253 1091 412 1140 venerunt
426 1067 538 1140 fratres
551 1068 688 1162 soldani,
701 1071 889 1144 Coradinus
899 1074 933 1142 ἃ
946 1072 1068 1160 Phares,
1084 1097 1159 1143 curn
1172 1075 1280 1146 multis

252 1176 444 1246 ammirariis
460 1179 495 1248 ὅ(
512 1171 661 1248 dixerunt
682 1180 728 1249 ei:
758 1184 900 1266 Domine,
930 1185 1076 1250 Dumium
1094 1183 1224 1251 allevata
1242 1188 1281 1274 «fi

253 1312 271 1352 u
288 1287 385 1371 nohis,
404 1285 435 1356 ee
443 1289 590 1381 superbia
609 1293 705 1379 nostru
719 1315 777 1358 non
790 1293 886 1382 potest
892 1289 967 1381 plus
983 1315 1110 1382 regnare
1121 1292 1280 1381 nobiscum,

205 1479 212 1494 ·
252 1392 362 1484 melius
378 1397 417 1482 efl
433 1395 528 1479 nobis,
547 1399 662 1464 munire
675 1393 947 1464 allexandrt'nm&
968 1396 1173 1483 babilonium,
1192 1423 1279 1488 quum

242 1502 327 1588 flare
353 1504 404 1568 nic
426 1498 461 1584 cr
485 1502 588 1570 videre
610 1503 802 1586 vamtatem,
832 1501 1047 1593 desolationem
1074 1508 1220 1593 nqltnnt!
1246 1501 1281 1570 Et

250 1601 309 1698 ipsi
327 1627 389 1676 tres
406 1627 604 1675 reverterunt
619 1602 662 1676 ad
682 1603 876 1700 hospicia&
896 1630 934 1675 ea
951 1629 1094 1676 cremate
1113 1631 1279 1704 ceperunt,

250 1712 287 1780 ἃ
303 1735 420 1782 ornnes
440 1710 569 1802 casales,
594 1711 757 1804 quierant
775 1735 880 1808 prope
901 1711 1100 1802 Damiatam,
1122 1713 1277 1808 exspolia·

251 1842 378 1909 verunt,
394 1820 429 1889 ἀ
445 1817 479 1888 in
497 1817 609 1911 quinta
623 1815 676 1888 die
692 1817 765 1913 post
781 1817 975 1912 capcionem
993 1817 1144 1891 Damiate
1160 1819 1397 1916 Paganinov.10.

252 1925 407 2021 fugerunt
421 1948 498 1994 cum
513 1924 560 1994 ira
577 1923 639 1993 Dei
657 1923 919 2017 &exsperserunt
932 1923 964 1994 se
981 1947 1054 1996 ante
1068 1923 1277 2016 Christianos,

251 2033 287 2108 ἃ
303 2030 400 2104 nostri
415 2054 492 2100 cum
508 2026 676 2124 triumpho
693 2029 913 2103 remanserunt
928 2030 963 2098 in
979 2029 1125 2118 civitate,
1152 2055 1277 2120 aurum,

253 2162 426 2236 argentum
445 2138 481 2207 &
502 2161 696 2210 ornamenta
716 2138 752 2208 δι
773 2135 972 2210 frumentum
993 2133 1059 2208 stne
1074 2135 1139 2208 fine
1159 2142 1194 2211 δι
1219 2163 1278 2208 nu-

254 2268 345 2316 mero
362 2245 566 2332 invenerunt,
593 2247 628 2318 ἀ
647 2267 754 2316 totum
771 2245 831 2316 finit
847 2243 890 2315 de
905 2269 1094 2335 commune,
1121 2245 1156 2314 ἀ
1173 2244 1278 2339 platee

253 2372 322 2425 tote
337 2349 505 2435 &domus
523 2343 727 2446 erant'plene
744 2349 786 2422 de
798 2335 970 2425 cadaverib
972 2375 1019 2438 us,
1037 2350 1114 2444 quia
1130 2347 1174 2420 ibi
1188 2375 1280 2430 erant

253 2457 423 2553 ocloginta
444 2456 533 2530 milia
555 2455 597 2528 de
616 2457 795 2530 Sarracenis
822 2457 969 2544 mortuis,
997 2457 1031 2530 δι
1053 2453 1094 2527 de
1113 2455 1192 2527 vivis
1208 2480 1278 2526 non

252 2585 343 2632 erant
366 2559 421 2634 nist
451 2561 568 2634 decem
591 2561 690 2650 milia,
711 2564 746 2633 ἀ
769 2559 811 2634 de
824 2562 905 2632 sanis
929 2583 999 2630 non
1021 2585 1112 2638 erant
1137 2558 1192 2632 nifi
1219 2563 1278 2632 tria

253 2667 351 2758 milia,
368 2669 403 2737 &
415 2693 497 2738 unus
515 2666 614 2738 alium
632 2667 764 2764 sepelire
782 2691 851 2738 non
869 2663 1007 2754 valebat,
1031 2669 1066 2738 δι
1084 2689 1133 2736 tot
1149 2665 1278 2740 nerunt

253 2772 425 2862 cadavera,
446 2771 539 2868 quod
558 2771 663 2844 nullus
678 2795 808 2869 poterat
823 2770 969 2844 sufficere
980 2769 1023 2842 ad
1038 2770 1277 2866 proiiciendum

252 2879 286 2948 in
303 2876 438 2970 flumen,
461 2881 496 2950 δι
517 2881 717 2976 quicumque
738 2875 870 2950 volebat
886 2880 946 2950 tria
963 2902 1104 2973 corpora
1120 2879 1278 2972 proiicere

251 2985 285 3054 in
304 2981 426 3059 flumen
443 3009 532 3058 extra
549 2986 725 3077 civitatem,
749 2982 886 3056 dabatur
910 2986 939 3058 ei
965 2980 1148 3073 bysantium
1164 3009 1279 3074 unum,

251 3091 287 3162 ἀ
303 3117 322 3162 a
340 3089 392 3162 die
410 3091 519 3164 sancti
546 3089 709 3179 iohannis,
738 3115 814 3160 cum
829 3091 919 3162 Deus
936 3088 1078 3160 nostram
1095 3086 1278 3184 superbiam

253 3195 430 3292 castigavit,
454 3193 496 3266 ab
514 3194 568 3266 illa
592 3194 645 3266 die
660 3218 816 3292 ceperunt
833 3196 929 3284 moti,
952 3191 1028 3264 ideo
1054 3194 1130 3288 quia
1152 3192 1277 3291 sgnum

252 3301 369 3372 Sandle
386 3301 502 3378 crucis
524 3323 600 3374 ante
617 3325 679 3374 nos
697 3298 873 3391 faciebant,
900 3301 934 3372 ὅ(
950 3296 1141 3394 lapidabant
1157 3302 1192 3370 δι
1208 3327 1278 3372 ver·

252 3404 409 3478 benabant
421 3409 455 3477 ἃ
473 3408 552 3504 igne
564 3404 763 3480 cremabant.
782 3405 879 3480 Unde
896 3404 1040 3480 Christus
1052 3403 1137 3481 bene
1152 3407 1279 3502 accepit

253 3511 432 3586 vindistam
457 3510 499 3584 de
523 3512 581 3584 suo
602 3513 713 3586 sanclo
737 3510 841 3610 fign0,
865 3509 957 3606 quod
982 3509 1088 3582 nullut
1112 3535 1152 3582 ex
1175 3509 1278 3582 illisa

253 3620 370 3690 canina
384 3639 492 3690 morte
509 3619 621 3690 evasus
637 3619 692 3692 est.
718 3616 814 3694 Unde
827 3642 887 3690 vos
905 3615 1089 3705 Christiani,
1107 3617 1164 3710 qui
1181 3615 1277 3686 hislo-

144 3749 163 3796 f.
177 3749 206 3809 ³⁶
218 3747 240 3794 tn
253 3726 334 3796 riam
350 3721 467 3796 auditis
480 3723 642 3814 Damiate,
655 3723 819 3795 Christum
833 3719 922 3794 flexis
934 3718 1072 3818 genibus
1085 3719 1230 3810 adorate,
1243 3723 1277 3791 ἃ

253 3827 378 3902 bonam
394 3827 495 3902 fidem
511 3851 609 3924 atque
626 3853 742 3925 punam
759 3829 792 3899 in
810 3827 916 3923 ipsum
934 3823 1061 3915 habete,
1080 3825 1135 3920 qui
1151 3848 1277 3896 tantam

252 3937 424 4008 vicloriam
441 3931 531 4008 dedit
544 3933 733 4006 Christianis
746 3935 781 4004 in
798 3931 857 4005 hiis
870 3927 1083 4027 temporibus,
1101 3928 1192 4024 quod
1210 3932 1276 4002 Da·

253 4043 363 4130 miata,
381 4066 458 4111 cum
471 4039 567 4111 fuerit
579 4035 704 4110 obsessa
717 4065 737 4108 a
749 4036 947 4125 Christianis,
965 4038 999 4105 ἀ
1015 4034 1095 4104 nihil
1107 4036 1136 4104 ei
1154 4059 1276 4105 nocue-

252 4170 336 4239 runt,
354 4145 408 4218 sed
422 4143 528 4244 medo
548 4145 611 4217 Dei
625 4145 735 4241 gracia
753 4139 818 4213 fine
831 4141 992 4240 sanguinis
1009 4136 1164 4298 essufionse
1181 4165 1276 4237 capta
