3688 5640
526 535 571 632 38
984 551 1115 612 ossen,

409 782 467 832 ¹21⁸
524 767 681 842 mittebat.
690 771 797 844 Naves
806 773 917 866 itaque
926 770 972 840 sui
982 767 1194 868 gubernaculi
1207 771 1300 843 freno
1317 796 1461 844 carentes
1474 795 1551 844 cum

521 875 674 974 procellis
686 901 777 973 rapte
789 878 861 948 sunt
872 879 907 948 &
920 876 962 948 ad
973 873 1114 948 diversos
1126 901 1239 974 portus
1249 877 1434 974 querendos
1447 879 1550 978 longe

520 983 651 1079 lateque
672 982 744 1053 sunt
761 982 908 1079 disperse.
939 985 983 1053 At
1007 1007 1117 1054 tamen
1135 983 1314 1055 Nulllenses
1331 1009 1408 1055 cum
1437 988 1548 1082 paucis

519 1088 656 1162 navibus
670 1089 713 1160 ad
722 1091 938 1160 vocacionem
950 1091 1081 1185 patroni
1093 1089 1139 1159 sui
1153 1087 1239 1161 beati
1253 1091 1384 1187 Quirini
1394 1092 1546 1162 aliorum·

520 1219 584 1290 que
601 1195 787 1266 sanciorum
802 1197 994 1285 interventu,
1016 1193 1106 1292 apud
1123 1195 1260 1266 insulam
1276 1221 1383 1293 prope
1395 1197 1546 1269 Minorke

517 1301 703 1399 Kiporoure
717 1315 726 1346 ¹
740 1299 872 1391 didam,
885 1303 1046 1373 Saraceno
1064 1302 1275 1392 monstrante,
1290 1328 1390 1398 quem
1410 1303 1546 1397 q‘uidam
1560 1329 1601 1386 v.,
1611 1326 1647 1390 ες
1660 1341 1701 1386 vo,
1711 1347 1731 1374 c.
1751 1343 1770 1376 ι.

373 1431 445 1494 aper.
455 1445 489 1493 ις.
519 1407 724 1480 detinuerant
735 1408 915 1503 captivum,
932 1431 1067 1504 portum
1079 1409 1111 1477 in
1126 1408 1294 1478 Parasceve
1309 1407 1443 1480 feliciter
1456 1408 1544 1481 adie-

518 1541 601 1586 runt.
615 1515 846 1612 Confugerant
862 1539 971 1585 autem
983 1539 1180 1585 mercatores
1194 1512 1236 1585 ad
1250 1513 1394 1586 eundem
1412 1539 1545 1610 portum

372 1634 489 1696 Aerios·
519 1621 564 1694 ob
582 1620 722 1692 eandem
740 1621 880 1709 causam,
907 1621 963 1715 qui
981 1617 1153 1691 nobiscum
1176 1621 1210 1689 in
1233 1619 1285 1690 die
1303 1621 1417 1692 Pasche
1444 1622 1544 1693 sacra·

519 1727 635 1800 tiliimo
664 1728 824 1799 christiani
849 1729 982 1825 corpori
1010 1731 1045 1799 ἃ
1071 1729 1220 1826 sanguini
1245 1731 1541 1801 communicarunt.

371 1855 442 1918 apert.
456 1857 491 1903 ιε.
518 1833 665 1932 Secunda
678 1835 767 1923 seria,
781 1832 968 1906 ducioribus
981 1832 1021 1906 ab
1035 1834 1156 1906 eisdem
1168 1836 1321 1931 acceptis,
1335 1833 1457 1932 gressus
1471 1839 1543 1908 nos-

519 1966 585 2012 tros
602 1941 708 2011 versus
725 1937 903 2012 Messanam
920 1941 986 2012 leto
1005 1939 1090 2038 pede
1107 1938 1290 2030 direximus,
1316 1943 1544 2039 venientesque
1558 1970 1593 2027 n..
1604 1986 1626 2031 p.
1638 1984 1698 2028 ιη,
1709 1987 1730 2015 c.
1745 1986 1768 2016 ι.

517 2071 624 2143 prope
648 2045 789 2117 Siciliam
813 2045 923 2119 divina
938 2049 1091 2144 potencia
1122 2049 1219 2119 totius
1241 2045 1322 2118 boni
1346 2049 1452 2138 caula,
1480 2073 1544 2144 que

515 2156 582 2224 iam
598 2174 659 2224 nos
681 2179 838 2248 aquarum
858 2157 893 2225 δι
914 2155 994 2225 ae'ris
1011 2155 1246 2224 commocione
1272 2151 1441 2224 tribulatos
1465 2181 1558 2252 pro-y

516 2259 659 2348 baverat,
679 2260 751 2330 suos
768 2257 875 2332 adhuc
892 2261 969 2359 igne
987 2261 1141 2357 castigare
1158 2257 1376 2355 disponebat,
1393 2263 1545 2358 proxima

367 2381 437 2443 Arri·
449 2395 486 2443 2t·
515 2391 660 2463 namque
674 2372 772 2438 nocie
790 2367 861 2462 post
884 2372 1016 2438 oslavas
1042 2367 1155 2438 Pascbe
1174 2369 1421 2439 coruscaciones
1438 2366 1543 2438 subito

514 2475 608 2570 super
625 2497 686 2544 nos
699 2497 769 2542 orte
781 2473 863 2565 sunt,
876 2476 911 2544 δι
923 2499 1000 2545 ecce
1017 2476 1153 2544 tonitrus
1163 2476 1198 2545 in
1213 2475 1294 2546 sono
1308 2500 1348 2544 ac
1360 2499 1454 2545 motu
1467 2499 1542 2546 acu-

515 2579 645 2652 tissimus
663 2605 778 2650 omnes
795 2581 920 2651 nostros
939 2583 970 2652 in
995 2579 1126 2652 extasim
1144 2583 1261 2678 rapuit,
1278 2583 1313 2652 δι
1332 2581 1441 2676 aliqui,
1459 2607 1542 2678 quos
1640 2655 1646 2660 ,

515 2684 642 2759 deditos
675 2686 794 2756 somno
833 2684 1039 2782 putabamus,
1077 2689 1111 2758 in
1144 2689 1294 2758 Domino
1327 2687 1540 2776 dormierunt,

514 2793 607 2864 multi
624 2794 728 2864 eciam
744 2819 784 2865 ex
801 2792 975 2864 firlminum
992 2793 1169 2866 ustionibus
1186 2795 1350 2866 cicatrices
1367 2796 1401 2865 in
1412 2819 1539 2866 memo-

511 2899 577 2972 rale
596 2902 778 2997 perenniter
794 2923 977 2972 tenuerunt.

724 3139 766 3208 V.
787 3145 837 3209 De
854 3142 1046 3234 expedicione
1064 3143 1105 3209 od
1123 3145 1312 3210 Dominam.

560 3325 659 3395 Anno
685 3325 793 3422 gracie
818 3321 986 3395 millesimo
1011 3321 1232 3395 ducentefimo
1258 3329 1378 3396 odiavo
1406 3322 1535 3397 decimo

511 3455 682 3530 coggones
703 3430 954 3502 innumerabiles
979 3429 1022 3502 ad
1038 3453 1172 3526 portum
1186 3429 1416 3502 ,Achonensem
1432 3432 1535 3528 appli-

510 3563 656 3629 cuerunt,
674 3536 738 3609 stne
755 3533 871 3635 quibus
888 3562 957 3610 non
974 3535 1169 3635 expediebat
1191 3537 1366 3608 exercitum
1382 3536 1534 3608 navalem

509 3647 544 3714 in
560 3643 721 3742 Egyptum
738 3644 884 3744 dirigere.
903 3645 969 3716 Rex
986 3645 1213 3740 &Qsha
1226 3667 1303 3714 curn
1311 3641 1401 3734 slore
1412 3645 1534 3734 Austrie

510 3749 827 3847 hospitalibusque&
839 3729 1159 3848 tempseritsconsrlio
1170 3751 1302 3847 Spiritus
1313 3752 1421 3822 Sancli
1434 3773 1530 3850 erpe-
1547 3771 1634 3836 v.,r.5
1646 3778 1681 3832 ιο,
1699 3791 1753 3823 ιι.

510 3857 678 3931 dicionem
694 3861 727 3930 in
740 3857 963 3952 Babyloniam,
980 3855 1045 3928 fide
1058 3855 1255 3954 interpofita,
1273 3881 1444 3948 voverunt,
1462 3884 1533 3954 pre-

510 3963 645 4063 srgentes
661 3966 848 4065 peregrinis,
865 3967 921 4061 qui
938 3965 1080 4062 pericula
1089 3963 1321 4062 marisplem‘irs
1331 3955 1451 4061 experti
1463 3965 1534 4036 sunt

509 4071 665 4163 itineris,²
686 4069 813 4143 labores
834 4073 868 4142 in
885 4071 1145 4144 exaltacionem³
1163 4073 1272 4143 lancie
1300 4073 1412 4144 crucis.
1436 4068 1534 4144 Unde

548 4243 557 4276 t
578 4225 605 4278 V.
620 4225 722 4295 Biporo.
737 4255 770 4266 -
785 4247 799 4278 a
813 4225 990 4280 Gaddrirerini
1053 4227 1136 4298 tione)
1157 4229 1179 4280 S.
1198 4225 1293 4280 Crucis.
1311 4255 1345 4266 -
1367 4243 1379 4293 3
1399 4229 1428 4279 7.
1446 4243 1533 4296 quum.

509 4307 601 4361 laboris
628 4305 808 4360 exaltacimmt
829 4305 873 4374 (V.
898 4305 991 4359 exalta·
