3694 5626
535 499 575 552 IN
593 497 792 550 OBSIDIONE
809 497 1006 552 DAMIATE.
1218 497 1281 578 155

258 719 360 790 satum
373 717 527 786 nostrum.
542 716 681 814 Quanto
693 739 804 788 autem
816 718 919 788 acrius
932 741 994 788 nos
1011 713 1282 814 expugnabamus
1300 749 1358 796 ηις

258 825 433 912 civitatem,
459 847 551 894 tanto
574 821 646 919 plus
672 821 728 918 ipfi
749 821 792 894 ab
814 825 953 894 exercitu
973 821 1098 894 soldani
1116 848 1284 920 expugna-

258 925 381 999 bamur.
400 929 477 998 l·loc
492 927 613 1000 bellum
631 929 691 1000 fuit
706 927 886 1000 biduanum
899 953 976 998 cum
994 953 1148 1024 quattuor
1162 927 1282 1000 occifis.

258 1037 292 1104 ln
308 1031 430 1106 foliato
454 1059 564 1106 autem
589 1035 689 1130 aliqui
712 1031 753 1105 de
772 1035 885 1110 nostris
910 1037 1030 1104 mortui
1059 1035 1203 1125 fuerunt3
1231 1036 1284 1126 alij

256 1139 333 1236 igne
357 1137 527 1230 combusti,
555 1141 608 1229 alij
632 1138 794 1236 lapidibus
818 1138 936 1230 obruti,
963 1141 1014 1230 aiij
1040 1139 1205 1230 decollati,
1231 1140 1283 1232 alij

256 1245 378 1341 sagittis
397 1245 516 1316 confixi
541 1246 622 1318 sunt.
652 1245 801 1344 Qidam
818 1271 927 1317 aurem
944 1248 1147 1331 sarracenus,
1174 1247 1283 1316 exiens

257 1347 299 1420 de
315 1352 455 1442 civitate,
479 1353 585 1423 retulit
600 1352 706 1440 nobis,
734 1351 825 1447 quod
843 1354 926 1422 intra
942 1354 1106 1424 civitatem
1119 1354 1200 1422 inter
1216 1352 1284 1424 vul·

257 1480 387 1528 neratos
411 1461 446 1528 ἀ
469 1481 617 1529 mortuos
636 1459 816 1554 computati
846 1457 974 1528 fuerunt
992 1457 1163 1553 plusquam
1180 1459 1284 1528 otiin·

257 1565 357 1658 genti.
383 1563 446 1654 aiij
473 1589 593 1655 autern,
618 1563 660 1634 de
684 1564 762 1633 foris
780 1565 956 1650 venientes,
986 1565 1132 1659 quintam
1158 1587 1285 1659 partem

256 1667 388 1740 illorum
424 1695 492 1743 tam
520 1671 695 1742 hominum
721 1695 820 1766 quam
836 1695 1008 1765 ‘equorum
1026 1671 1179 1761 occisam,
1205 1667 1284 1742 alle·
1314 1737 1319 1746 .

257 1799 398 1846 ruerunt.

307 1880 432 1952 XXXll.
459 1885 575 1952 lterum
598 1884 746 1980 precepit
772 1882 927 1954 dominus
948 1883 1085 1980 legatus,
1113 1883 1156 1954 ad
1177 1886 1285 1955 menia

258 1987 393 2060 civitatis
410 1987 534 2058 trahere
550 2013 665 2060 cattos.

476 2204 527 2270 De
534 2203 667 2293 secunda
683 2207 820 2272 civitatis
836 2208 1067 2296 oppugnatione.

308 2417 405 2514 igitur
418 2416 533 2510 quinto
551 2414 682 2486 decimo
700 2415 851 2487 calendas
864 2417 1000 2514 Augusti
1017 2415 1200 2488 trahebatur
1217 2441 1282 2488 cat·
1296 2441 1338 2487 ru.
1351 2443 1387 2489 18.

259 2545 308 2590 tus
324 2545 407 2592 unus
430 2518 474 2591 ad
493 2518 658 2592 foliatum.
685 2521 799 2620 Egreffr
825 2545 936 2592 autem
953 2523 1072 2619 Pagani
1089 2547 1165 2592 curn
1184 2547 1283 2594 manu

258 2625 364 2696 valida
381 2627 466 2696 sexta
481 2625 561 2698 hora
578 2626 653 2716 diei,
675 2624 854 2698 deferentes
872 2626 962 2724 ligna
974 2628 1144 2724 &ignem
1161 2653 1284 2700 cattum

258 2731 402 2802 nostrum
411 2731 551 2804 ferreum
560 2756 794 2820 cremaverunt,
809 2731 851 2804 de
863 2735 954 2804 cuius
965 2733 1133 2805 amillione
1143 2737 1284 2806 maxime

258 2836 420 2910 doluimus
437 2863 509 2928 nos,
529 2840 663 2910 &intus
680 2839 820 2910 maxime
836 2837 1019 2910 letabuntur
1035 2839 1089 2912 illi.

307 3056 358 3122 De
372 3057 467 3122 tertia
483 3057 700 3146 expugnatione
717 3051 886 3120 &odventu
906 3057 1097 3144 Pogonorunr
1116 3056 1231 3122 obiero.

305 3263 444 3335 XXXlll.
472 3268 504 3334 ln
528 3263 606 3334 festo
624 3265 739 3334 Santie
756 3262 971 3359 Margarethe‚
996 3262 1125 3332 armatis
1152 3261 1385 3332 cocchisu-ua

258 3371 293 3439 ὅ(
314 3369 413 3466 galeis
440 3373 475 3440 ἃ
500 3367 655 3460 barbotis‚
672 3369 846 3440 Christiani
870 3391 1028 3440 venerunt
1056 3369 1174 3437 iterum
1195 3369 1283 3438 iuxta

259 3501 370 3546 muros
396 3477 542 3547 civitatis.
568 3476 734 3548 Sarraceni
757 3499 868 3546 autem
893 3499 969 3544 cum
985 3475 1130 3569 petrariis
1147 3476 1182 3544 &
1205 3499 1283 3568 qua·

251 3583 341 3680 trellis
358 3586 393 3654 &
410 3581 581 3655 trabucetis
602 3581 774 3654 crudeliter
792 3583 822 3652 se
842 3579 1069 3668 defenderunt,
1095 3577 1150 3650 sed
1174 3580 1283 3652 Chris·

259 3691 337 3762 tiani
354 3690 474 3760 multos
491 3687 681 3760 occiderunt
696 3692 731 3760 ἃ
747 3689 1004 3761 vulneraverunt.
1022 3687 1116 3757 Tunc
1132 3687 1225 3758 multi
1242 3687 1283 3759 de

259 3795 387 3866 civitate
399 3793 532 3886 flebant,
545 3797 604 3866 viri
624 3819 663 3864 ac
675 3796 835 3884 mulieres,
854 3795 994 3890 parvi&
1008 3795 1131 3888 magni,
1148 3794 1284 3888 capillos

260 3901 333 3972 suos
347 3901 519 3973 evellentes
532 3927 722 3996 nomenque
731 3901 852 3971 Deisui
860 3898 1119 3996 blasphemantes
1129 3903 1163 3970 &
1173 3898 1283 3968 dicen·

260 4032 320 4079 tes:
352 4011 382 4079 0
402 4011 511 4101 infelix
528 4011 723 4098 machomet,
747 4035 811 4077 ecce
829 4009 992 4097 Cirriffloni
1012 4011 1132 4098 copiunt
1152 4011 1283 4075 Damio·

260 4116 368 4202 tam-ee
381 4143 435 4186 nos
449 4120 637 4205 interficient,
656 4141 814 4206 nomenque
832 4113 927 4182 Tuum
939 4139 996 4181 non
1012 4117 1070 4182 erit
1087 4117 1136 4179 iric
1153 4113 1283 4204 amplius

262 4229 437 4312 invocatum,
467 4249 571 4296 nornen
593 4248 688 4296 autem
708 4225 771 4293 Dei
790 4224 1025 4314 Christianorum
1044 4222 1102 4290 erit
1122 4219 1282 4292 exaltatum
