3694 5626
563 484 605 584 56
688 505 814 560 essm
839 476 1145 561 crucrosuorou
1170 507 1454 562 RHENANORUM.

470 755 529 806 ¹²¹9
557 741 733 800 omarum¹
758 727 855 801 seculi
878 753 955 801 cum
971 729 1060 802 varia
1083 725 1270 824 supelledlili
1294 729 1328 800 in
1360 727 1578 824 superhabun-

556 831 682 906 dancia.

518 1005 520 1010 .
605 941 730 1014 Civitas
746 941 808 1014 hec
821 965 929 1039 preter
940 941 1121 1014 naturalem
1137 939 1231 1014 fitum
1242 942 1320 1034 loci,
1338 968 1406 1039 quo
1423 943 1577 1034 munitur,

555 1045 673 1144 triplici
690 1049 830 1145 cingitur
846 1073 952 1139 muro,
970 1046 1106 1119 turribus
1122 1049 1259 1120 latericia
1275 1049 1432 1121 multis&
1448 1051 1577 1147 magnis

553 1153 721 1226 fortissime
745 1153 882 1244 firmata,
910 1153 1007 1227 clavis
1024 1155 1276 1228 &antemurale
1296 1157 1394 1228 torius
1411 1155 1525 1253 Egypti
1542 1157 1576 1226 δι

553 1259 635 1331 inter
653 1285 770 1332 terram
781 1261 889 1332 Gesen
907 1262 942 1331 δι
959 1278 1094 1355 campos
1106 1259 1258 1332 Thaneos
1276 1260 1341 1333 srta.
1359 1262 1416 1333 Ista
1433 1263 1478 1332 est
1494 1260 1576 1334 terra
1589 1275 1794 1338 volume-¹·

552 1367 661 1439 Gesen
677 1367 835 1463 pascualis
850 1370 885 1438 ἃ
908 1365 1081 1458 uberrima,
1105 1392 1205 1463 quam
1220 1371 1388 1466 pecierunt
1403 1367 1459 1459 filij
1479 1366 1575 1440 lacob

552 1497 572 1544 a
589 1471 763 1564 Pharaone,
788 1499 866 1571 rege
882 1473 1007 1570 Egypti.
1030 1475 1193 1564 Damiata
1211 1475 1320 1546 inclita
1337 1475 1371 1546 in
1391 1475 1511 1572 regnis,
1530 1475 1575 1545 sa·

552 1580 644 1652 mosa
660 1580 800 1651 multum
815 1581 849 1652 in
866 1576 1013 1676 superbia
1028 1576 1213 1671 Babylonis,
1231 1582 1264 1651 in
1281 1583 1361 1652 mari
1379 1580 1576 1654 dominatrix

552 1685 807 1774 christianorum,
835 1685 999 1782 spoliatrix
1022 1688 1057 1760 in
1082 1685 1209 1758 accessu
1234 1688 1477 1784 persecutorum
1501 1688 1574 1758 suo·

551 1820 632 1885 rum,
655 1819 713 1890 per
734 1817 855 1889 paucas
876 1796 911 1863 δι
931 1791 1080 1864 modicas
1100 1794 1200 1866 scalas
1224 1793 1469 1890 comprehensa,
1486 1820 1575 1866 nunc
1691 1851 1703 1866 „

549 1899 717 1972 humiliata
740 1901 785 1972 est
805 1897 860 1971 sub
887 1901 1015 1995 potenti
1031 1925 1131 1972 manu
1148 1901 1212 1972 Dei
1227 1903 1272 1992 &‚
1290 1899 1448 1990 adultero,
1474 1927 1572 1996 quem

550 2005 606 2078 diu
630 2005 766 2098 tenuisti,
791 2003 924 2095 tandem
941 2007 1103 2102 proieslo,
1129 2007 1253 2080 reversa
1270 2008 1315 2078 est
1332 2005 1376 2078 ad
1392 2029 1574 2078 amatorem

548 2115 657 2187 Tuum
674 2113 817 2208 priorem
833 2116 879 2198 &‚
899 2137 963 2207 que
980 2114 1067 2208 ptius
1083 2111 1281 2209 parturiebas
1297 2113 1433 2211 spurios,
1455 2111 1573 2186 abhinc

548 2219 712 2318 legitimos
729 2220 833 2315 paries
849 2217 942 2290 filios.
970 2217 1180 2291 Achonienfis
1198 2219 1370 2316 episcopus
1386 2222 1453 2290 iam
1469 2245 1509 2292 ex
1524 2219 1572 2290 Te

548 2327 731 2398 animarum
755 2325 918 2420 primicias
938 2326 1012 2396 Deo
1032 2323 1178 2398 solvit&
1195 2326 1346 2422 parvulos
1362 2327 1452 2398 Tuos
1467 2327 1571 2400 eciam

549 2435 647 2506 morti
676 2433 846 2528 proximos
878 2433 912 2501 ἃ
943 2427 1145 2528 baptismatis
1181 2431 1270 2504 unda
1302 2433 1572 2506 sacramentaliter

548 2536 762 2611 emundando
777 2538 888 2609 vitales
908 2536 1058 2610 reddidit.
1076 2539 1295 2636 Multipliciter
1307 2541 1455 2613 Tuorum
1474 2541 1569 2612 scele·
1582 2559 1647 2622 B.,p.
1660 2574 1717 2620 ψ,
1728 2579 1746 2608 ι,
1764 2576 1786 2609 ι.
1837 2627 1838 2636 ¹

547 2671 620 2718 rum
648 2671 748 2742 penas
773 2643 940 2732 exsolvisti,
970 2669 1046 2716 cum
1066 2643 1186 2741 absque
1211 2647 1267 2738 eis,
1293 2647 1349 2741 qui
1374 2648 1407 2716 in
1429 2650 1480 2719 'se
1504 2648 1569 2720 vivi

546 2753 628 2842 sunt,
659 2747 880 2848 comprehenfi
897 2776 958 2824 xxx
982 2751 1226 2824 interfeslorum
1251 2753 1339 2823 milia
1364 2753 1416 2824 vel
1432 2751 1570 2848 amplius

548 2881 789 2956 computantur,
808 2883 893 2953 quos
904 2855 967 2930 sive
980 2857 1065 2929 ferro
1078 2857 1131 2929 vel
1142 2858 1219 2954 igne
1232 2857 1379 2954 percussit
1393 2860 1568 2947 Dominus,

547 2965 717 3062 spurcicias
737 2966 771 3036 in
797 2964 846 3036 Te
865 2961 1050 3036 commissas
1071 2963 1113 3036 de
1133 2987 1242 3036 cetero
1266 2963 1460 3062 dedignatus
1484 2965 1569 3036 susti·

546 3097 632 3144 nere.
646 3069 799 3143 Gaudeat
812 3070 911 3167 igitur
923 3070 1105 3142 universalis
1118 3069 1249 3142 ecclesa
1261 3096 1322 3168 pro
1335 3071 1390 3144 tali
1402 3071 1568 3168 triumpho

546 3201 653 3274 grates
670 3177 810 3250 reserens
827 3179 913 3268 Deo,
937 3177 993 3271 qui
1009 3174 1074 3248 vite
1090 3179 1125 3247 &
1138 3177 1251 3246 mortis
1267 3173 1366 3248 babet
1384 3179 1567 3274 imperium,

546 3281 599 3352 cui
615 3282 659 3354 est
675 3282 794 3374 honor,
811 3283 958 3358 virtus&
974 3283 1129 3380 potencia
1146 3305 1204 3377 per
1219 3280 1344 3354 infinita
1361 3282 1466 3355 secula
1479 3283 1568 3354 secu·

544 3386 670 3462 lorum!
695 3391 812 3464 Amen.

585 3575 593 3606 r
610 3557 640 3608 V.
650 3569 834 3608 ornamentum.
