3694 5626
535 537 740 592 ous1n1ou1s
759 539 958 594 nnuma.
1203 548 1268 616 107

246 758 372 855 optime
393 755 576 854 preliabant
603 781 718 830 contra
733 760 927 832 Sarracenos
949 763 984 833 &
1004 761 1126 833 multos
1148 789 1188 834 ex
1208 763 1271 834 illis
1286 793 1345 842 ηις

246 862 448 951 occiderunt,
475 866 510 935 &
531 863 573 935 de
590 864 776 936 Christianis
797 868 917 936 mornri
941 867 1014 938 sunt
1029 870 1085 958 xij,
1108 871 1144 938 &
1166 869 1270 942 nullus

245 969 503 1044 Christianorum
537 969 683 1042 comedit
712 972 813 1066 usque
846 971 890 1043 ad
926 977 1069 1047 nortem.
1104 977 1271 1047 Sarraceni

244 1074 401 1147 adeuntes
431 1074 579 1146 dixerunt
604 1073 756 1147 soldano:
785 1079 949 1172 istisclnvt'
976 1081 1065 1150 valde
1090 1083 1269 1174 agrestes&

243 1184 374 1276 maligni
392 1209 494 1252 eontra
511 1209 566 1252 nos
581 1187 670 1272 sunt!

292 1287 411 1358 XLVII.
438 1291 473 1358 in
502 1286 555 1360 die
572 1287 745 1360 festivitatis
762 1290 980 1361 Sanitorum¹
1005 1291 1128 1362 Cosme
1150 1291 1186 1360 &
1202 1291 1271 1360 Da·
1284 1317 1393 1379 sapen.

244 1394 375 1484 miani²
397 1417 473 1466 ante
493 1420 645 1466 auroram
667 1421 825 1468 venerunt
848 1396 967 1494 Pagani
989 1399 1024 1466 &
1048 1397 1213 1468 Sarraceni
1236 1397 1271 1466 &

244 1499 429 1571 direxerunt
453 1523 607 1596 quattuor
638 1501 798 1572 ieremitas
828 1499 976 1572 ardentes
1002 1525 1060 1597 per
1087 1498 1210 1572 flumen
1236 1503 1272 1572 ἃ

245 1630 418 1701 coopertas
442 1606 574 1702 pice&
598 1606 674 1678 oleo
702 1633 778 1677 cum
804 1607 918 1702 stipula
944 1609 980 1678 ἃ
1003 1607 1100 1705 lignis
1122 1606 1219 1678 aridis
1236 1610 1271 1678 &

244 1711 350 1808 palea,
370 1709 611 1802 comburentes,
627 1737 666 1782 ac
683 1709 704 1782 fi
719 1709 820 1784 effent
832 1737 862 1784 x.
881 1713 1056 1808 Campane
1074 1711 1271 1809 &sulphure

245 1819 280 1888 &
294 1815 427 1888 flamma
438 1815 628 1890 videbantur
641 1841 774 1916 tangere
791 1817 909 1908 celum,
919 1821 954 1888 &
968 1816 1146 1890 credebant
1158 1817 1271 1892 ardere

77 1956 118 2002 Μ,
132 1954 151 2002 f,
163 1955 231 2003 aaa,
246 1949 384 2020 pontem
400 1927 435 1995 ἃ
455 1924 572 1994 intrare
594 1924 758 1994 civitatem
784 1949 861 1993 cum
879 1925 1043 1996 frumento
1064 1926 1100 1994 ἀ
1120 1924 1188 1994 aliis
1214 1951 1271 1997 ne·

246 2027 394 2120 caffariis,
420 2031 455 2100 δι
479 2027 584 2099 srhoc
601 2027 797 2127 contigisset,
826 2055 943 2104 omnes
969 2031 1143 2103 Christiani
1169 2027 1272 2101 essent

245 2133 406 2206 decollati
438 2131 536 2206 Unde
556 2133 715 2204 maximus
738 2136 837 2206 timot
854 2135 969 2208 invasit
985 2137 1197 2226 Christianos,
1215 2131 1271 2205 sed

244 2267 303 2338 per
321 2239 467 2312 divinam
482 2241 631 2336 gratiam,
654 2264 831 2335 antequam
844 2245 1048 2338 pervenirent
1066 2241 1109 2314 ad
1121 2264 1271 2339 pontem,

245 2349 389 2420 exierunt
405 2343 539 2418 obviam
554 2347 705 2416 ieremitis
722 2349 756 2416 ὃ(
780 2348 994 2420 exstinxerunt
1012 2375 1074 2420 eas.
1092 2348 1127 2420 Et
1143 2347 1199 2418 illo
1218 2345 1271 2418 die
1304 2405 1315 2432 ,

245 2479 316 2526 non
340 2455 567 2548 requieverunt
590 2451 762 2524 Christiani
783 2456 818 2525 δι
841 2479 911 2524 non
933 2455 1147 2526 comederunt
1171 2454 1271 2549 usque
1341 2457 1344 2463 “

71 2593 101 2638 n.
114 2591 132 2638 r.
147 2605 194 2652 114
204 2593 232 2638 o
245 2565 387 2633 nomem.
405 2559 439 2630 Et
454 2583 532 2630 tunc
544 2557 611 2629 duo
629 2559 747 2657 Pagani
760 2558 872 2631 divino
889 2561 1012 2632 lumine
1025 2575 1036 2622 ³
1049 2563 1126 2632 tasti
1142 2559 1186 2632 ad
1207 2559 1270 2631 do·

242 2669 368 2738 minum
381 2667 526 2765 legatum
537 2667 702 2740 venientes
715 2667 759 2737 ita
770 2665 933 2738 dixerunt:
950 2671 979 2738 0
992 2671 1169 2760 Christiani,
1184 2675 1271 2758 estote

237 2777 410 2868 prudentes,
446 2781 530 2866 quia,
552 2799 706 2864 antequam
723 2777 840 2867 septem
865 2777 931 2844 dies
950 2779 1082 2864 venium,
1109 2778 1271 2844 Sarracent'

242 2881 273 2949 θ’
295 2885 419 2975 Pagnni
428 2893 444 2938 4
455 2903 565 2973 purant
572 2880 720 2971 foffurum
735 2881 859 2974 implere
875 2880 905 2950 fe
919 2907 973 2950 vos
990 2907 1105 2974 cupere,
1126 2885 1270 2975 scientes,

233 2993 330 3080 ficis
348 2991 480 3077 somirer
503 2990 682 3076 restituitis,
705 2989 785 3078 quod
809 3001 903 3055 totum
929 2992 1100 3080 Pugum'um
1118 2991 1270 3080 subiuga-

240 3099 354 3165 vert'n's.
373 3093 491 3189 Pagani
507 3117 586 3166 vero
603 3089 645 3162 ad
664 3093 849 3182 terminum,
868 3089 945 3162 sicut
961 3089 1120 3183 dixerunt,
1137 3094 1269 3164 venien·

241 3222 288 3270 tes
306 3199 340 3272 in
360 3195 515 3270 fossatum
530 3199 649 3268 intrare
667 3199 703 3268 &
718 3195 798 3268 illud
815 3199 952 3294 implere
969 3197 1133 3289 volentes,
1159 3199 1268 3270 Chris-

240 3307 319 3376 tiani
345 3329 479 3402 quoque
503 3303 569 3375 hoc
586 3303 744 3394 uidentes,
771 3306 875 3375 statim
892 3305 993 3376 castra
1008 3304 1175 3402 lignorum
1192 3329 1269 3377 ante

240 3437 298 3483 eos
325 3411 579 3502 construxerunt,
612 3411 705 3506 super
736 3409 852 3506 quibus
872 3410 1045 3482 Christiani
1076 3411 1192 3482 stantes
1220 3412 1269 3482 s-

240 3515 358 3590 dibus⁵
379 3517 480 3588 acutis
497 3515 708 3613 &lapidibus
725 3519 866 3616 graviter
888 3515 1124 3613 percutiebant,
1157 3519 1270 3616 ignem

240 3628 276 3697 &
291 3623 499 3720 sulphurem⁶
519 3625 554 3694 &
578 3622 683 3696 trabes
708 3624 802 3721 super
827 3625 899 3696 illos
928 3627 1161 3721 proiicientes⁷
1186 3625 1270 3696 mul·

242 3731 324 3802 τος8
354 3731 500 3828 Paganoe
524 3731 623 3801 morti
652 3728 862 3804 tradiderunt.
890 3730 1048 3804 Videntes
1077 3755 1187 3802 tamen
1215 3731 1269 3801 Pa·

279 3915 289 3947 r
306 3897 331 3948 Ρ.
345 3911 388 3949 om.
400 3925 435 3934 —
448 3915 463 3946 a
482 3894 576 3947 Abhinc
591 3893 666 3964 nsque
686 3897 720 3947 Et
735 3907 796 3947 tunc
809 3895 896 3962 desunt
911 3895 991 3948 omnia
1004 3895 1029 3948 in
1041 3896 1078 3960 Ρ.,
1095 3894 1138 3947 ubi
1155 3893 1272 3962 legimus.-

243 3975 340 4045 Pagani
358 3976 382 4028 a
400 3973 528 4027 Sarraceni
552 3975 585 4027 ad
604 3973 722 4026 fossatum
746 3974 941 4028 Christianorum
963 3993 1049 4028 ornnes
1074 3975 1208 4039 venientes,
1232 3973 1269 4026 set

242 4052 371 4107 Christiani
392 4065 462 4106 extra
482 4055 561 4107 eastra
572 4055 663 4106 armati
679 4065 795 4106 exeuntes
815 4053 966 4122 stipulam&
986 4054 1083 4124 paleam
1101 4057 1124 4106 δι
1141 4053 1201 4105 alias
1223 4071 1270 4118 res,

242 4149 304 4202 quas
320 4151 398 4204 prope
415 4132 531 4188 foffatum
552 4135 691 4204 posuerant,
709 4134 767 4203 igne
780 4135 971 4186 combuxerunt.
986 4164 1019 4173 -·
1043 4151 1054 4198 3
1070 4137 1109 4188 Μ.
1126 4133 1269 4186 munimine.

243 4241 276 4252 -
289 4233 307 4279 4
320 4215 346 4266 Ρ.
359 4231 403 4266 om.
418 4217 480 4266 Sarr.
493 4216 517 4267 &
528 4216 591 4284 Peg.
604 4233 666 4282 -ς
687 4215 726 4268 Μ.
742 4213 869 4270 subdibus,
883 4219 946 4270 -6
964 4217 987 4268 Ρ.
1002 4216 1064 4270 add.
1081 4213 1220 4272 accensum.
1236 4243 1270 4262 -·

242 4310 256 4362 7
271 4293 296 4349 P.
310 4292 478 4368 proficiebant.
491 4323 526 4338 η
542 4300 555 4346 8
574 4297 599 4350 Ρ.
611 4293 691 4350 multi.
