3694 5626
452 511 503 562 DE
521 511 695 564 IOHANNE
713 512 814 564 REGE
831 513 1059 566 IERUSALEM.
1203 515 1269 594 139

245 725 370 817 dentes,
387 724 543 798 consiliati
562 727 630 798 sunt
647 729 677 798 ei
694 725 772 799 dare
788 729 954 800 civitatem
970 731 1070 826 usque
1089 729 1131 800 ad
1148 730 1269 803 adven·
1287 766 1346 814 ηις

246 855 317 902 tum
334 829 467 930 pallagij
491 833 694 930 imperatoris
719 832 888 905 &iulium
905 837 1009 906 Rome
1034 839 1068 907 &
1089 834 1271 908 libertatern

244 937 514 1010 Christianorum.
548 943 581 1010 ln
607 938 660 1010 die
690 941 798 1010 Sancii
824 941 954 1012 Thome
979 965 1088 1012 tamen
1119 967 1186 1013 erat
1214 966 1390 1014 corucem.

246 1069 360 1114 eorum
377 1041 418 1114 de
436 1069 516 1114 auro
535 1043 736 1136 obsecatum,
763 1046 852 1140 quod
874 1043 1032 1117 nolebant
1053 1045 1129 1118 date
1147 1045 1202 1118 nist
1220 1049 1273 1120 sex

245 1146 417 1240 bysantios
434 1147 566 1220 cuilibet
578 1148 620 1220 de
632 1151 782 1222 exercitu.
801 1148 878 1220 lude
892 1175 979 1221 totus
992 1153 1145 1222 exercitus
1167 1178 1272 1224 arma·

245 1279 296 1325 tus
309 1255 380 1343 fuit,
395 1255 578 1326 &Romani
589 1257 625 1326 δι
635 1257 738 1326 latini
750 1256 949 1328 intraverunt
962 1257 1125 1329 civitatem
1137 1260 1172 1328 &
1180 1283 1272 1329 acce·

245 1383 365 1456 petunt
382 1385 497 1430 omnes
514 1385 612 1432 turres
625 1363 660 1431 &
672 1360 759 1431 foras
776 1361 909 1456 turpiter
926 1363 1131 1456 proiecerunt
1150 1365 1273 1436 Franci-

246 1470 360 1563 genas,
377 1468 412 1536 ἃ
429 1465 521 1536 multi
542 1466 671 1538 fuerunt
692 1467 852 1539 vulnerati
870 1471 904 1538 δι
921 1470 1059 1558 mortui,
1080 1494 1119 1539 ex
1135 1493 1273 1565 utraque

246 1596 338 1668 parte
355 1595 442 1642 totus
459 1573 614 1642 exercitus
633 1573 770 1644 armavit
785 1573 829 1660 se,
847 1575 882 1643 &
895 1598 1010 1644 omnes
1027 1572 1221 1669 putabamus
1238 1578 1272 1648 in

246 1677 301 1747 illa
317 1676 371 1748 die
383 1674 447 1748 elle
461 1675 599 1772 dispersi.
617 1679 713 1748 Tunc
726 1675 880 1748 dominus
893 1679 1017 1775 legatus
1031 1680 1137 1774 posuit
1158 1696 1274 1775 pacem

247 1784 281 1852 in
299 1781 463 1874 omnibus,
489 1785 523 1853 &
551 1784 663 1856 civitas
683 1783 742 1854 fuit
758 1781 913 1881 affignara
931 1785 999 1882 regi
1018 1787 1052 1855 &
1073 1785 1273 1878 Alamannis,

246 1888 336 1960 salvo
365 1885 446 1958 iullu
470 1890 686 1984 imperatoris,
715 1890 992 1985 &promiserunt
1018 1891 1179 1988 integram
1196 1919 1273 1989 pot-

249 1996 383 2065 cionem
399 1991 487 2065 dare.

296 2100 359 2171 LX.
371 2105 403 2170 ln
415 2097 469 2170 die
478 2098 655 2195 Epiphanie
663 2101 778 2172 iterum
788 2123 874 2170 totus
888 2101 1043 2172 exercitus
1052 2127 1192 2172 armatus
1204 2103 1274 2192 fuit,
1286 2099 1369 2194 ξξζοό

248 2210 283 2278 &
301 2229 529 2276 cuccurrerunt
549 2203 592 2276 ad
610 2203 790 2278 dominum
802 2207 948 2304 legatum
966 2209 1000 2277 &
1022 2204 1176 2278 volebant
1199 2235 1275 2278 eum

249 2310 407 2384 occidere.
433 2310 541 2382 Postea
556 2336 715 2384 venerunt
741 2311 896 2399 dicentes,
925 2311 1017 2406 quod
1035 2309 1131 2384 delufi
1149 2339 1276 2384 etanta

248 2415 412 2506 militibus,
433 2442 549 2487 omnes
571 2417 602 2488 se
624 2441 831 2491 armaverunt
855 2420 890 2488 &
918 2442 1076 2489 venerunt
1100 2417 1144 2488 ad
1169 2417 1276 2490 domi·

249 2549 329 2592 num
344 2523 492 2620 legatum
508 2527 542 2594 &
561 2523 710 2595 dixerunt
723 2527 769 2595 ei:
785 2527 928 2610 Domine,
947 2528 986 2593 du
1001 2527 1087 2594 nobis
1096 2531 1274 2618 portionem

247 2635 405 2700 civitatis!
429 2629 463 2698 Et
481 2631 547 2726 ipse
566 2627 645 2702 dixit
667 2631 732 2700 eis:
760 2631 912 2722 Qicqm'd
929 2633 1035 2718 liabeo,
1063 2632 1188 2700 daturus
1203 2634 1275 2723 sum

247 2741 341 2824 vobis,
350 2739 411 2830 sed
425 2739 522 2806 nichil
538 2739 597 2820 ulii
616 2739 721 2806 nolunt
737 2739 822 2808 vobis
838 2737 921 2804 dure.
947 2738 991 2802 lte
1009 2734 1040 2802 o
1056 2738 1190 2805 lubeatis
1207 2763 1277 2806 con·

245 2841 366 2934 filium!
395 2841 430 2914 Et
454 2869 494 2914 ex
518 2844 582 2914 alia
605 2865 697 2938 parte
725 2867 790 2930 rex,
819 2839 980 2936 templum
1005 2842 1039 2909 &
1067 2840 1277 2934 hospitale&

247 2971 363 3016 omnes
380 2949 489 3020 franci
513 2950 544 3020 se
564 2971 771 3019 armaverunt
787 2947 1039 3018 &intraverunt
1059 2945 1090 3014 in
1109 2946 1276 3017 civitatem

246 3053 281 3121 ἃ
297 3055 432 3152 turpiter
448 3055 535 3126 foras
554 3055 760 3151 proiecerunt
776 3053 917 3142 Latinos,
943 3055 978 3123 ἃ
1000 3053 1034 3122 in
1057 3051 1110 3122 illa
1135 3051 1188 3123 die
1206 3079 1277 3122 ma·

246 3185 352 3256 gnum
367 3160 520 3231 insultum
537 3157 696 3230 dederunt
712 3159 845 3250 civitati,
858 3162 892 3229 &
905 3159 998 3229 multi
1017 3157 1188 3230 Christiani
1208 3159 1276 3230 fue·

247 3289 322 3336 runt
338 3265 506 3356 vulnerati,
522 3270 557 3338 &
575 3265 710 3362 quidam
727 3292 767 3336 ex
779 3264 839 3334 illis
857 3263 1023 3336 dicebant:
1044 3267 1218 3336 mittamus
1235 3269 1278 3334 od

240 3375 415 3466 soldanum,
435 3400 467 3443 ut
484 3379 581 3444 νεηίατ
598 3377 638 3442 cd
651 3378 829 3466 principes!
855 3371 1025 3468 Ceperunt
1052 3370 1128 3442 dare
1145 3373 1275 3467 porcio·

143 3505 204 3567 t37
216 3504 237 3550 u.
248 3504 326 3549 nem
343 3477 385 3550 ad
403 3505 517 3550 eorum
541 3477 670 3550 libitum
687 3475 841 3548 militibus
856 3478 972 3574 viginti
990 3501 1144 3571 quattuor
1160 3475 1274 3569 bysan-

249 3586 329 3676 tios,
345 3583 564 3656 sacerdotibus
575 3585 800 3680 &turcopulis
815 3581 1004 3674 duodecim,
1023 3580 1193 3653 clientibus
1211 3584 1276 3674 sex,

249 3689 436 3762 mulieribus
453 3693 611 3788 &pueris
628 3716 699 3762 tres.
726 3689 760 3760 Et
779 3690 892 3775 sciatis,
918 3687 1010 3784 quod
1037 3713 1169 3759 centurn
1188 3689 1277 3760 milia

249 3794 507 3868 Christianorum
522 3822 612 3868 erant
629 3799 747 3892 scripta
763 3798 797 3866 in
815 3797 966 3867 exercitu.

235 3891 239 3904 ⁸
296 3901 590 3976 LXLSecundadie
599 3901 810 3992 februarij,in
819 3901 896 3972 festo
908 3902 1002 3970 Beate
1011 3901 1111 3970 Marie
1120 3901 1277 3996 Virginis,
1291 3920 1345 3964 reu.
1356 3934 1377 3966 2.

250 4012 414 4082 constituit
427 4009 580 4081 dominus
591 4009 717 4106 legatus
734 4012 769 4079 &
786 4033 901 4078 omnes
912 4006 1027 4102 prelati
1041 4003 1189 4077 divinum
1205 4005 1277 4075 offi-

251 4115 339 4186 cium
353 4114 514 4188 celebrare
526 4117 611 4186 intus
622 4117 656 4184 in
668 4115 833 4202 Damiata,
851 4137 886 4183 ut
901 4111 1122 4208 purificaretur
1136 4139 1155 4181 a
1170 4113 1278 4184 multis

252 4221 419 4315 fetoribus,
431 4223 547 4320 quibus
555 4249 622 4295 erat
631 4225 740 4293 anima
751 4221 887 4320 polluta,
899 4225 933 4290 ἃ
944 4221 977 4288 in
989 4245 1085 4290 mane
1095 4218 1215 4290 eodem
1225 4218 1278 4292 die
