3688 5640
461 551 767 605 crtuclcttuoxuu
792 550 1076 604 nutunuoxuu.
1238 549 1280 630 33

254 775 429 868 sistorum,
442 771 624 864 asserentes,
639 773 897 847 candidissimam
910 776 1026 865 aciem,
1048 799 1158 845 cruces
1171 771 1285 845 rubeas
1331 793 1389 838 ¹²¹7

255 905 415 979 gerentes,
432 883 563 954 suorum
576 907 738 954 catervam
752 883 785 953 in
800 882 913 978 sugant
926 877 1130 952 convertisse.
1157 881 1287 976 Insuper

256 991 291 1059 ἃ
310 989 415 1088 galee,
442 1014 522 1086 quas
536 1015 596 1086 per
614 1015 703 1060 mare
720 1012 835 1059 contra
847 987 972 1058 nostros
985 985 1198 1078 adduxerant,
1214 987 1287 1057 sunt

257 1095 380 1195 fugate,
390 1095 607 1194 relinquentes
620 1097 735 1168 nostris
748 1121 863 1192 equos,
873 1094 1089 1166 kernmelinos
1100 1096 1135 1164 &
1148 1093 1287 1164 tentoria

258 1227 334 1272 cum
345 1227 413 1274 tota
423 1203 632 1299 suppellectili
641 1203 705 1273 sua.
719 1215 728 1248 ¹
743 1201 873 1273 Deinde
881 1201 994 1290 nostri,
1008 1201 1130 1273 comite
1144 1197 1287 1271 Gitardo

259 1307 386 1404 semper
398 1308 492 1400 duce,
512 1307 555 1381 ad
571 1309 702 1379 insultus
720 1334 890 1380 murorum
906 1307 979 1378 sunt
995 1305 1118 1395 reverfi,
1140 1311 1174 1378 δι
1190 1309 1287 1377 inter-

198 1481 201 1486 .
260 1414 336 1486 secli
357 1417 430 1486 sunt
456 1441 525 1487 tam
550 1415 591 1487 de
625 1415 799 1486 christianis
824 1440 924 1510 quam
954 1413 996 1485 de
1022 1415 1213 1504 Sarracenis,
1241 1413 1289 1484 isti

259 1519 431 1616 lapidibus,
449 1522 495 1593 illi
512 1523 644 1620 sagittis.
663 1523 728 1592 Hic
746 1521 896 1593 Westfali
912 1523 947 1591 &
964 1523 1107 1593 Saxones
1124 1521 1215 1592 suam
1233 1546 1289 1590 au·

261 1625 389 1699 daciam
406 1655 499 1699 more
515 1629 573 1698 suo
592 1625 819 1724 profuderunt,
837 1629 872 1697 &
889 1627 1082 1720 Rhenenses,
1103 1628 1238 1724 ingenio
1255 1628 1290 1696 &

261 1735 349 1803 saslo
369 1759 439 1804 non
453 1739 603 1830 impares,
616 1733 745 1805 adeam
757 1735 888 1806 viriliter
897 1733 1132 1826 convolabant,
1145 1731 1290 1804 Nullien·

261 1837 343 1910 stum
360 1855 519 1936 quoque2
535 1839 632 1937 clipei
649 1837 707 1910 sub
725 1837 798 1911 alba
816 1866 912 1912 cruce
928 1841 1011 1913 rosei
1029 1841 1062 1910 in
1079 1865 1173 1912 muro
1191 1840 1290 1910 succi·

262 1940 375 2016 dendo
393 1972 461 2017 non
479 1945 650 2017 modicum
664 1946 737 2018 sunt
749 1945 878 2018 incensi.
891 1948 1062 2019 Erexerunt
1078 1949 1183 2018 eciam
1193 1945 1291 2017 nostri

262 2051 473 2124 instrumenta
497 2053 645 2152 diligenti
660 2051 767 2124 studio
785 2054 928 2146 inventa,
939 2068 952 2114 ³
965 2080 1028 2150 que
1046 2051 1087 2124 de
1103 2052 1292 2126 heuenho·4
1313 2075 1316 2080 ’

264 2183 502 2256 nuncupantur.

311 2267 410 2339 Circa
443 2268 560 2338 festum
587 2293 666 2340 veto
700 2263 864 2340 Undecim
888 2265 1014 2336 Milium
1037 2265 1213 2364 Virginum
1234 2279 1437 2362 peronnae

264 2368 401 2444 fossores
418 2372 536 2445 cecidit
553 2373 652 2446 altera
670 2374 772 2444 turris.
791 2373 886 2442 Tunc
898 2370 1035 2444 demum
1051 2373 1209 2470 perterriti
1221 2386 1233 2434 ⁵
1244 2373 1293 2442 in·

266 2477 373 2550 felices
385 2479 430 2550 illi
443 2482 580 2552 castrum
592 2479 813 2570 reddiderunt,
827 2476 940 2550 dantes
953 2480 985 2550 se
997 2481 1031 2549 ἃ
1046 2479 1147 2551 suain
1161 2478 1293 2553 manus⁶

266 2588 515 2683 peregrinorum
528 2613 569 2660 eo
582 2592 693 2684 pael0,
712 2586 804 2683 quod
812 2583 939 2684 singuli,
954 2583 1093 2660 totidem
1107 2587 1294 2662 christianos

53 2715 95 2771 v.,
107 2712 124 2758 f.
136 2716 224 2773 vae.
233 2723 255 2757 ι.
269 2689 310 2762 de
323 2694 510 2788 captivitate
527 2695 706 2782 restitutori,
725 2694 826 2766 vitam
839 2691 1045 2764 redimerent.
1064 2693 1126 2765 Sed
1141 2693 1294 2768 dominus

52 2823 89 2880 rt,
99 2839 120 2884 p.
136 2835 192 2882 ιη,
205 2836 224 2868 e
234 2835 257 2867 2.
268 2799 369 2888 castri,
393 2797 484 2872 Abut
501 2799 617 2893 dislus,
635 2826 712 2870 cum
728 2798 871 2896 pluribus
887 2797 1060 2894 ,obfidibus
1077 2800 1170 2898 super
1194 2809 1294 2900 pasto

269 2903 429 2978 servando
455 2909 597 3004 acceptis
619 2905 817 3003 baptismum
831 2907 942 3004 peciit,
967 2931 1030 2976 nec
1046 2905 1147 3005 longe
1163 2910 1237 3006 post
1261 2913 1295 2982 in

270 3038 411 3084 errorem
427 3013 595 3109 pristinum
618 3014 663 3084 est
678 3015 829 3085 reversus.
857 3018 989 3086 lnvente
1007 3013 1079 3084 sunt
1096 3014 1129 3083 in
1146 3014 1212 3085 hoc
1229 3017 1295 3089 cas-

270 3141 320 3188 tro
339 3141 408 3190 tam
425 3119 467 3192 de
485 3121 560 3194 vitis
578 3145 678 3217 quam
696 3119 737 3192 de
755 3119 956 3211 mulieribus,
984 3121 1125 3218 parvulis
1142 3123 1176 3194 δε
1193 3125 1296 3194 maio·

270 3221 368 3317 ribus,
392 3227 517 3298 circiter
538 3227 598 3298 tria
613 3227 702 3299 milia
719 3229 867 3324 persone,
886 3255 950 3324 que
967 3253 1082 3300 omnes
1099 3230 1297 3302 venumdate

270 3330 343 3403 sunt
355 3335 390 3403 ἃ
406 3333 489 3404 inter
500 3336 689 3433 peregrinos
702 3337 833 3432 partite3
845 3335 905 3434 'hic
921 3336 1063 3406 amatris
1077 3332 1175 3407 ubere
1193 3336 1297 3408 infans

271 3437 316 3508 est
336 3463 458 3536 raptus,
485 3441 675 3537 &sponsus
696 3469 716 3514 a
736 3442 863 3538 sponsa,
889 3465 988 3538 prout
1009 3443 1075 3512 sors
1094 3440 1238 3536 dietavit,
1255 3443 1299 3514 est

272 3541 400 3618 divisus.
425 3545 496 3617 Nec
519 3545 701 3644 [putamus]
714 3561 727 3606 ⁷
740 3547 972 3640 omittendtun,
998 3546 1243 3644 quodquidam
1261 3575 1300 3621 ex

272 3649 457 3742 christianis,
486 3653 627 3726 odorem
650 3653 731 3727 lucri
756 3655 923 3746 sectantes,
952 3677 1067 3726 contra
1091 3653 1300 3727 interdislum

274 3783 385 3828 mutos
406 3758 683 3850 transcenderunt,
710 3786 865 3858 purpuras
887 3787 963 3832 cum
980 3763 1179 3832 ornamentis
1197 3765 1301 3834 aureis

273 3866 308 3934 ἃ
341 3868 504 3963 argenteis
535 3865 752 3939 distrahentes.
779 3867 843 3940 Sed
869 3867 1104 3940 admonicione
1131 3866 1187 3938 sub
1215 3894 1302 3966 pena

274 3974 630 4045 excommunicacionis
642 3974 739 4064 sada,
757 3970 883 4072 singuli,
903 3973 995 4071 quod
1013 3999 1200 4072 rapuerant,
1218 3999 1301 4046 tetu-

314 4263 324 4297 r
342 4247 371 4299 7.
386 4245 523 4315 superlesli.
537 4265 597 4298 -a
610 4246 759 4314 V.quotuut.
859 4265 872 4312 5
892 4246 921 4298 7.
936 4245 1061 4316 preteriti,
1080 4246 1106 4297 B.
1122 4245 1250 4314 preterriti.
1268 4275 1303 4284 -

277 4352 310 4366 ·-
327 4343 339 4390 3
355 4327 384 4378 V.
398 4325 504 4380 invecta.
522 4355 557 4364 -
574 4343 592 4388 4
611 4327 641 4377 V.
656 4323 760 4378 ltereho.
823 4324 1302 4388 6V.manum.-7Vacuumt'nV.&B.

1167 4447 1180 4498 5
