3694 5626
571 501 776 556 OBSIDIONIS
789 503 988 559 DAMIATE.
1231 512 1276 586 91

262 739 338 795 cum
352 747 476 820 magno
495 723 634 795 exercitu
650 723 898 792 sarracenorum
914 725 949 793 ἃ
962 723 1164 820 Paganorum
1181 727 1215 795 &
1232 727 1281 796 in·
1297 759 1355 808 1219

67 849 172 914 semp.
187 863 247 911 ¹⁰93
262 851 426 902 traverunt
453 826 603 900 foliatum
633 827 891 900 Christianorum
919 832 953 899 δε
983 853 1178 924 putaverunt
1202 830 1282 903 illud

261 935 384 1031 replere
396 936 431 1004 δι
443 932 550 1006 delere
562 933 666 1006 dictos
679 933 877 1006 Christianos
894 934 936 1005 de
947 960 1038 1006 terra.
1056 932 1119 1006 Sed
1132 937 1282 1007 Domino

262 1065 473 1137 cooperante,
487 1043 542 1136 qui
555 1065 707 1138 operatur
723 1066 797 1112 cum
814 1039 977 1132 omnibus,
995 1043 1051 1137 qui
1063 1067 1175 1114 veram
1184 1041 1285 1114 lidern

261 1172 384 1238 tenent,
396 1146 570 1219 Christiani
581 1145 761 1219 habuerunt
771 1148 941 1220 vidioriam
952 1150 987 1217 ἃ
1000 1145 1191 1218 occiderunt
1202 1149 1285 1220 inter

262 1252 411 1326 homines
423 1255 458 1323 ἀ
474 1279 577 1349 equos
594 1253 666 1349 plus
681 1279 781 1349 quam
798 1253 885 1324 mille
902 1256 937 1324 ἀ
952 1255 987 1324 in
1003 1252 1100 1324 tribus
1120 1251 1232 1325 diebus
1250 1257 1284 1325 &

263 1358 362 1432 tribus
379 1358 529 1431 nodlibus
547 1359 627 1430 nihil
638 1359 723 1430 aliud
738 1360 882 1431 fecerunt
902 1359 959 1431 nist
976 1361 1112 1458 preliare
1130 1359 1233 1452 simul,
1249 1363 1284 1431 ἃ

249 1464 341 1538 ¹ficut
352 1491 507 1562 campum
521 1467 566 1536 est
576 1465 711 1560 plenum
724 1464 766 1536 de
779 1468 879 1556 covis,
892 1492 968 1538 cum
978 1469 1120 1552 metitur,
1138 1469 1182 1537 ita
1195 1491 1283 1537 cam·

262 1598 344 1668 pum
359 1575 394 1643 ἃ
416 1569 569 1642 fossatum
586 1596 653 1642 erat
667 1571 803 1668 plenum
819 1569 860 1642 de
876 1574 1055 1644 Sarracenis
1078 1575 1223 1664 mortuis,
1242 1571 1283 1644 de

263 1679 451 1751 Christianis
464 1702 545 1768 non,
563 1679 640 1772 quia
652 1679 814 1748 Dominus
827 1704 895 1749 erat
911 1705 987 1750 cum
1001 1679 1060 1750 illis
1081 1683 1115 1750 δε
1128 1704 1283 1778 magnam

263 1784 434 1856 vidioriam
450 1781 495 1854 ibi
511 1781 708 1875 habuerunt3
726 1785 844 1881 gratias
863 1786 937 1855 Deo
955 1784 1118 1858 dicamus!

93 1913 153 1963 ef.
167 1927 209 1962 111
223 1915 251 1962 c.
312 1889 426 1962 XXVl.
448 1894 481 1961 ln
494 1886 547 1959 die
564 1889 762 1960 Pentecostes
779 1888 933 1962 dominus
946 1891 1071 1988 legatus
1084 1894 1118 1962 ἃ
1131 1917 1185 1962 rex
1198 1897 1282 1962 lero·
1295 1909 1349 1970 Maj.
1361 1911 1397 1958 ιι.

264 1996 377 2068 solime
389 1998 424 2067 δι
437 1994 618 2092 patriarcha
628 1998 663 2066 δε
676 1995 729 2086 alij
743 2021 858 2066 omnes
874 1997 934 2068 viri
946 1994 1071 2068 nobiles
1085 1999 1119 2066 ἃ
1133 2021 1283 2092 potentes

264 2101 308 2175 ad
324 2099 584 2174 lombardorum
602 2127 730 2172 morem
744 2102 926 2173 carrocium
942 2101 1010 2174 fieri
1021 2103 1176 2194 fecerunt,
1194 2103 1290 2199 luper'
1440 2117 1454 2152 ι

265 2207 358 2306 quod
378 2207 635 2280 Christianorum
652 2203 803 2280 vexillum
819 2210 901 2302 poni
914 2209 1099 2298 statuerunt,
1113 2221 1122 2254 ¹
1143 2233 1178 2278 ut
1194 2208 1286 2306 pedi·

266 2337 312 2384 tes
331 2339 447 2386 omnes
465 2315 550 2386 circa
564 2311 645 2384 illud
665 2313 801 2386 astantes
825 2317 859 2384 δε
880 2339 938 2410 ρει
955 2339 1110 2409 campum
1133 2311 1203 2384 ibi²
1223 2313 1284 2384 dis-

266 2417 345 2516 perfi
368 2421 504 2492 minime
525 2434 720 2518 pergentes³
739 2421 837 2492 armis
862 2419 982 2492 bellicis
1001 2422 1162 2516 preparati
1179 2421 1285 2492 versus

266 2527 417 2600 inimicos
429 2528 586 2623 paulatim
599 2527 900 2624 appropinquantes
912 2523 1035 2596 bellum
1047 2551 1123 2597 cum
1137 2527 1182 2597 eis
1198 2526 1286 2596 secu·

99 2663 138 2708 ιι.
151 2659 168 2707 t
179 2661 211 2720 ⁶4
221 2661 253 2706 ιι.
267 2637 341 2708 riter
350 2635 560 2706 commiscere
569 2630 707 2730 pollent.
718 2645 734 2691 4
744 2633 778 2704 Et
786 2631 865 2703 dum
875 2632 936 2702 hec
944 2656 1126 2729 agerentur,
1135 2629 1286 2702 soldanus

267 2746 302 2814 δι
316 2739 528 2828 Corradinus,
550 2765 626 2810 cum
643 2739 789 2812 universa
805 2738 1009 2810 multitudine
1030 2739 1232 2835 Paganorum
1253 2741 1287 2808 δε

267 2853 517 2922 Sarracenorum
530 2847 705 2936 venientes,
723 2846 965 2942 temptoria&⁵
979 2871 1018 2915 ea
1030 2845 1153 2933 omnia,
1172 2870 1236 2938 que
1253 2846 1286 2914 in

267 2957 373 3028 castris
390 2953 536 3044 aderant,
552 2951 671 3024 habere
688 2953 869 3048 cogitantes
886 2954 921 3021 ὅ(
938 2977 976 3020 ea
994 2952 1107 3020 omnia
1128 2951 1162 3019 ἃ
1179 2948 1287 3020 Chris·

268 3066 375 3134 tianos
403 3084 573 3156 mmquam
603 3060 750 3153 captivos
777 3059 861 3128 inter
890 3057 920 3127 se
944 3055 1086 3128 dividere
1112 3056 1287 3151 cupientes.

268 3167 504 3265 Percipientes⁶
519 3191 597 3237 vero
618 3163 791 3238 Christiani
807 3162 849 3236 de
866 3165 1070 3260 Paganorum
1091 3164 1126 3231 ὅ(
1142 3163 1287 3232 Sarrace-

268 3301 388 3348 nomm
405 3273 559 3364 adventu,
575 3271 663 3342 illico
681 3271 816 3342 civitatis
834 3295 943 3367 portas
960 3271 995 3339 δε
1011 3265 1169 3364 albergias
1187 3268 1289 3337 custo-

269 3381 354 3454 diri⁷
375 3383 520 3452 fecerunt
543 3382 577 3449 δε
601 3378 716 3449 armati
739 3375 787 3475 ad
803 3373 925 3448 bellum
948 3375 1116 3445 nsclerati8
1137 3373 1252 3444 milites
1274 3389 1289 3434 9

269 3487 440 3587 &pedites
452 3489 537 3557 circa
551 3483 731 3556 carrocium
743 3483 878 3554 astantes
893 3507 982 3554 extra
994 3481 1093 3552 castra
1102 3483 1289 3552 catervatim

270 3595 404 3670 obviam
427 3595 566 3666 irrinticis
587 3615 800 3690 perrexerunt.
817 3604 844 3637 ¹0
859 3589 1015 3662 Videntes
1040 3613 1150 3658 autem
1172 3589 1291 3684 Pagani

270 3707 305 3776 dt
316 3701 492 3790 Sarraceni,
504 3697 630 3798 pedites
640 3699 724 3769 circa
733 3699 914 3768 carrocium
929 3694 1199 3791 frequentilltmos
1211 3695 1290 3764 stare

270 3814 305 3882 δι
317 3809 573 3882 Christianorum
585 3805 738 3880 vexillum
753 3805 847 3902 super
857 3805 928 3900 ipso
946 3803 1092 3874 carrocio
1104 3798 1177 3889 elle,
1193 3799 1290 3896 pluri·

311 4083 321 4114 ι
344 4065 370 4116 P.
390 4063 482 4115 debete
494 4060 679 4114 constituerunt.
699 4087 731 4097 -
755 4059 811 4110 21².
824 4073 868 4109 om.
885 4085 918 4095 —-
940 4073 952 4119 3
968 4057 992 4107 P.
1007 4057 1067 4106 add.
1091 4071 1157 4106 cum.
1178 4081 1210 4090 -
1228 4071 1246 4116 4
1265 4053 1290 4104 P.

274 4143 471 4196 commiscemus
491 4171 527 4180 -
545 4159 558 4207 ς
578 4141 617 4192 Μ.
632 4155 675 4190 om.
691 4139 722 4190 δι.
741 4165 773 4177 -
794 4142 809 4188 6
823 4137 862 4189 Μ.
879 4133 970 4204 precip.
985 4163 1017 4172 —
1032 4151 1045 4194 7
1061 4135 1100 4186 M.
1115 4131 1243 4185 custodire.
1258 4159 1290 4172 -

277 4229 290 4279 8
304 4225 343 4282 Μ.
357 4221 485 4278 aschetati.
497 4249 532 4262 -·-
546 4237 560 4289 9
574 4221 599 4274 P.
614 4221 675 4272 add.
691 4216 776 4294 perse.
791 4246 827 4256 -
842 4216 912 4270 101³.
927 4227 1082 4288 perexerunt.
