3688 5640
455 530 506 584 DE
530 531 820 588 PREDICATIONE
844 535 870 588 S.
899 537 1039 592 CRUCIS.
1233 543 1256 618 t)

235 749 365 824 ecclesia
373 775 550 824 exonerare
566 753 658 824 suum
676 755 832 852 pugilem,
846 757 901 850 qui
914 781 976 851 pro
994 757 1063 852 ipsa
1075 781 1213 854 pugnat,
1223 759 1258 828 δι

234 859 383 930 sustinere
399 858 532 954 pondus
544 856 651 956 ipsius,
664 863 699 931 δι
715 859 792 932 ideo
809 861 1045 958 crucesignatis
1058 863 1135 934 iusse
1148 865 1257 934 remit·

234 965 271 1036 tit
288 965 451 1036 Dominus
467 990 553 1061 papa
572 991 691 1061 penam
709 991 919 1062 peccatorum
936 973 971 1040 δι
988 967 1112 1066 obligat
1133 970 1258 1042 univer·

233 1070 333 1144 salem
350 1071 517 1146 ecclefiam
534 1100 594 1170 pro
618 1073 700 1170 ipfis,
723 1077 779 1169 qui
796 1073 946 1146 mundari
962 1074 1096 1172 pollunt
1112 1101 1171 1172 per
1183 1102 1258 1172 pro-

233 1178 338 1272 priam
361 1203 475 1250 eorum
492 1182 743 1272 contricionem,
765 1180 995 1272 devocionem,
1013 1181 1258 1276 confessionem,

233 1281 391 1377 laborem,
415 1313 475 1384 per
504 1289 669 1359 orationes
698 1292 733 1359 &
759 1289 990 1380 eleemosynas,
1020 1313 1083 1384 que
1110 1287 1193 1360 fiunt
1216 1287 1258 1360 ab

235 1391 383 1464 universis
396 1393 583 1466 Christianis
599 1419 661 1491 pro
679 1396 855 1492 peregrinis
872 1395 971 1466 Terre
987 1397 1111 1468 Sancie.

181 1487 184 1492 ’
241 1511 250 1536 ¹
285 1503 380 1572 leem:
406 1501 437 1572 Si
456 1501 571 1596 aliquis
593 1497 671 1572 ellet
692 1525 842 1572 oneratus
868 1499 1012 1596 pluribus
1034 1500 1204 1597 lapidibus,
1224 1507 1259 1574 dt

236 1603 370 1699 quidam
390 1609 550 1702 acciperet
566 1605 608 1677 ab
627 1631 668 1677 eo
682 1633 783 1678 unum
800 1605 946 1702 lapidem
964 1608 1000 1676 ἃ
1016 1607 1094 1678 alius
1112 1608 1211 1680 alium
1224 1613 1259 1680 δι

236 1713 348 1782 tercius
374 1714 509 1784 tercium
531 1716 565 1784 ἃ
586 1710 628 1784 fic
655 1711 820 1810 deinceps,
847 1713 914 1808 ipse
940 1713 1080 1784 totaliter
1104 1739 1259 1786 exonera·

235 1841 332 1908 retur,
355 1816 494 1890 similiter
516 1816 767 1916 crucesignatus
785 1819 980 1890 deoneratur
998 1845 1017 1889 a
1037 1844 1122 1914 pena
1140 1845 1258 1916 pecca-

237 1947 343 1996 torum
367 1951 426 2022 per
443 1927 626 1998 Dominum
642 1951 765 2022 papam
785 1929 820 1996 δε
842 1925 1054 1998 universalem
1070 1925 1258 2020 ecclesiam3

238 2061 257 2094 c
275 2059 470 2124 quemcunque
487 2041 564 2106 enirn
573 2035 706 2128 soluerit
713 2039 809 2129 super
824 2059 945 2119 terram,
964 2040 1025 2103 erit
1036 2037 1161 2128 solutus
1178 2035 1209 2104 fr
1226 2041 1257 2106 in

236 2139 329 2208 celum
349 2169 367 2202 u
387 2138 458 2227 (cf.
476 2139 601 2227 March,
620 2159 685 2210 xvl
722 2147 788 2236 19).
810 2137 1015 2228 Notandum,
1033 2137 1126 2234 quod
1143 2138 1259 2212 dicitur

236 2242 329 2338 super
342 2269 471 2336 terram,
485 2271 554 2316 non
564 2244 680 2318 dicitur
693 2245 777 2316 infra
790 2269 917 2336 terram,
931 2245 1039 2316 necin
1053 2270 1144 2317 terra.
1157 2248 1260 2342 Super

237 2372 354 2420 terram
375 2353 431 2442 ell,
456 2353 512 2446 qui
529 2376 653 2424 terrena
676 2349 824 2450 negligit,
848 2353 882 2422 in
899 2375 981 2422 terra
998 2351 1052 2440 est,
1071 2353 1127 2446 qui
1144 2354 1177 2422 in
1195 2377 1258 2424 ter-

237 2481 314 2528 rena
327 2481 385 2526 cor
399 2457 492 2528 suurn
503 2456 619 2555 affigit,
633 2462 668 2530 ἃ
681 2457 722 2530 de
735 2455 850 2528 talibus
863 2456 942 2528 dicit
954 2457 1130 2554 apostolus,
1145 2487 1164 2520 α
1180 2461 1258 2531 Glo-

237 2568 285 2632 ria
297 2591 397 2634 eorum
411 2572 442 2634 in
457 2569 636 2658 confuficne,
649 2573 701 2659 qui
711 2570 961 2660 terrencscpiunt
972 2595 990 2628 u
1004 2564 1173 2654 (Phil.,111,
1190 2571 1258 2662 19),

237 2667 304 2738 hoc
320 2670 374 2756 est,
392 2667 513 2742 habent
530 2669 789 2742 delectacionem
805 2673 839 2741 δι
856 2672 1007 2767 saporem
1018 2671 1052 2740 in
1067 2671 1206 2742 terrenis.
1226 2672 1260 2742 lit

238 2775 395 2848 lohannes
411 2779 445 2848 in
461 2776 659 2874 Apocalypsi
673 2781 767 2870 (vul,
792 2781 868 2874 13):
889 2809 907 2840 c
930 2783 983 2868 Vc,
995 2805 1040 2863 ve,
1060 2781 1259 2848 habitantibus

75 2927 81 2937 ·
133 2908 157 2952 a,
168 2907 189 2939 c·
200 2906 223 2938 ²·
237 2886 268 2948 in
275 2886 373 2952 rerrcl
384 2914 402 2947 u
412 2885 590 2974 Genes,111
602 2882 668 2980 (6),
680 2915 697 2948 c
716 2887 802 2956 Vidit
812 2886 930 2970 mulier,
940 2884 1059 2954 scilicet
1068 2881 1141 2968 Eva,
1154 2883 1260 2973 «quod

237 2989 354 3082 lignum
370 2992 439 3082 effer
455 2994 561 3060 donum
580 2995 621 3060 cd
637 2995 806 3084 vescendum
824 2992 1025 3083 sepulchrum
1042 2991 1139 3060 oculis
1157 2991 1259 3083 espec·

236 3119 324 3187 tuque
338 3099 525 3186 delec‘lcbile,
545 3099 617 3168 rulir
637 3101 674 3166 de
689 3101 796 3188 frudlu
814 3098 902 3166 illius
918 3098 949 3166 se
966 3100 1104 3184 comedit,
1129 3096 1160 3164 θ’
1176 3097 1260 3164 dedit

237 3204 379 3294 virosuo,
392 3203 423 3271 d»
436 3207 574 3274 comedit.
586 3232 604 3266 u
619 3199 683 3274 Sed
696 3203 843 3298 precepit
855 3204 944 3274 Deus
955 3203 1043 3298 prius
1055 3200 1129 3272 Ade
1144 3199 1260 3296 (Gen,

237 3323 277 3396 11,
300 3303 373 3404 16),
396 3339 414 3372 c
433 3314 477 3380 Ex
493 3317 574 3381 cenni
590 3311 678 3404 ligno
695 3313 832 3405 porodifi
848 3313 978 3395 comede,
1005 3311 1042 3379 de
1059 3309 1146 3401 ligno
1163 3330 1260 3376 curem

229 3415 362 3506 sciencie
381 3419 451 3486 lroni
467 3416 499 3484 te
515 3418 591 3486 muli
610 3443 646 3486 ne
671 3421 827 3487 concedas!
847 3446 865 3478 u
894 3411 992 3488 Unde
1008 3413 1070 3486 Eva
1093 3408 1261 3508 respondit

237 3518 394 3614 serpenti:
421 3551 440 3584 <t
461 3527 511 3592 De
527 3525 635 3612 frudu
663 3522 753 3615 ligni,
785 3525 918 3614 quodest
943 3526 974 3590 in
1000 3523 1099 3590 medic
1115 3522 1261 3615 paradifi,

232 3633 369 3720 precepit
385 3630 472 3698 nobis
484 3632 581 3715 Deus,
600 3655 636 3698 ne
648 3631 864 3700 comederemus
877 3628 907 3696 Θ
920 3655 956 3696 ne
968 3651 1157 3720 tangeremus
1169 3625 1259 3711 illud,

239 3738 367 3823 neforre
383 3741 545 3806 moriamur
561 3766 579 3798 u
599 3736 749 3829 (Genesi,
772 3753 827 3825 111,
847 3738 896 3832 3).
917 3733 1018 3804 Reno
1040 3757 1121 3829 ergo
1138 3729 1260 3802 iudicio

238 3837 303 3910 Dei
320 3837 547 3912 dividebantur
567 3864 705 3937 corpora
722 3839 795 3912 Ade
812 3843 845 3912 ἃ
864 3839 925 3911 live
941 3837 983 3910 ab
1001 3835 1171 3910 animabus
1188 3837 1260 3926 suis,

239 3946 315 4040 quia
331 3941 388 4040 ipsr
413 3971 527 4018 contra
547 3948 611 4018 Dei
628 3970 819 4044 preceptum
835 3943 1025 4018 dividebant
1045 3969 1185 4040 pomum
1203 3967 1262 4038 pet

240 4053 393 4142 morliun,
410 4051 497 4124 unde
515 4077 603 4123 mors
628 4053 768 4123 amorsu
787 4050 957 4125 derivatur.
976 4049 1137 4147 Oportuit
1153 4049 1260 4146 igitur,

241 4185 297 4230 eos
309 4161 406 4248 mori,
426 4163 460 4232 δι
473 4185 534 4232 nos
547 4185 663 4234 omnes
675 4187 734 4258 per
746 4162 844 4258 ipsos,
862 4163 897 4232 δι
912 4162 947 4230 in
959 4157 1080 4232 eodem
1092 4159 1153 4230 fuit
1165 4155 1260 4250 culpa

1150 4307 1164 4346 2
