<?xml version="1.0" encoding="UTF-8"?>
<!DOCTYPE html PUBLIC "-//W3C//DTD XHTML 1.0 Transitional//EN"
    "http://www.w3.org/TR/xhtml1/DTD/xhtml1-transitional.dtd">
<html xmlns="http://www.w3.org/1999/xhtml" xml:lang="en" lang="en">
 <head>
  <title>
</title>
<meta http-equiv="Content-Type" content="text/html;charset=utf-8" />
  <meta name='ocr-system' content='tesseract 3.04.00' />
  <meta name='ocr-capabilities' content='ocr_page ocr_carea ocr_par ocr_line ocrx_word'/>
</head>
<body>
  <div class='ocr_page' id='page_1' title='image "./quintibellisacr00rhgoog_0159.png"; bbox 0 0 3694 5626; ppageno 0'>
   <div class='ocr_carea' id='block_1_1' title="bbox 584 511 1152 574">
    <p class='ocr_par' dir='ltr' id='par_1_1' title="bbox 584 511 1152 574">
     <span class='ocr_line' id='line_1_1' title="bbox 584 511 1152 574; baseline -0.009 -2"><span class='ocrx_word' id='word_1_1' title='bbox 584 523 650 574; x_wconf 86' lang='lat' dir='ltr'>too</span> <span class='ocrx_word' id='word_1_2' title='bbox 1025 511 1152 568; x_wconf 79' lang='lat' dir='ltr'>GttsTA</span> 
     </span>
    </p>
   </div>
   <div class='ocr_carea' id='block_1_2' title="bbox 457 731 1771 3585">
    <p class='ocr_par' dir='ltr' id='par_1_2' title="bbox 508 731 1600 828">
     <span class='ocr_line' id='line_1_2' title="bbox 508 731 1600 828; baseline -0.005 -22"><span class='ocrx_word' id='word_1_3' title='bbox 508 771 566 820; x_wconf 66' lang='grc' dir='ltr'>ηις</span> <span class='ocrx_word' id='word_1_4' title='bbox 582 737 709 828; x_wconf 80' lang='lat' dir='ltr'><em>Georgi,</em></span> <span class='ocrx_word' id='word_1_5' title='bbox 733 741 835 826; x_wconf 81' lang='lat' dir='ltr'><em>accipe</em></span> <span class='ocrx_word' id='word_1_6' title='bbox 858 731 998 804; x_wconf 70' lang='lat' dir='ltr'>vexillum</span> <span class='ocrx_word' id='word_1_7' title='bbox 1018 735 1127 801; x_wconf 71' lang='lat' dir='ltr'>sanna</span> <span class='ocrx_word' id='word_1_8' title='bbox 1144 733 1264 818; x_wconf 85' lang='lat' dir='ltr'>Crucis,</span> <span class='ocrx_word' id='word_1_9' title='bbox 1288 737 1356 802; x_wconf 77' lang='lat' dir='ltr'>veni</span> <span class='ocrx_word' id='word_1_10' title='bbox 1373 737 1404 802; x_wconf 87' lang='lat' dir='ltr'>in</span> <span class='ocrx_word' id='word_1_11' title='bbox 1417 731 1600 802; x_wconf 80' lang='lat' dir='ltr'>adiutorium</span> 
     </span>
    </p>

    <p class='ocr_par' dir='ltr' id='par_1_3' title="bbox 457 838 1604 1866">
     <span class='ocr_line' id='line_1_3' title="bbox 457 838 1601 933; baseline -0.002 -23"><span class='ocrx_word' id='word_1_12' title='bbox 457 909 460 918; x_wconf 85' lang='grc'><strong>,</strong></span> <span class='ocrx_word' id='word_1_13' title='bbox 579 845 665 910; x_wconf 81' lang='lat' dir='ltr'>nolis</span> <span class='ocrx_word' id='word_1_14' title='bbox 681 842 712 910; x_wconf 80' lang='lat' dir='ltr'>d·</span> <span class='ocrx_word' id='word_1_15' title='bbox 730 844 840 910; x_wconf 82' lang='lat' dir='ltr'>adiuvo</span> <span class='ocrx_word' id='word_1_16' title='bbox 863 862 918 909; x_wconf 83' lang='lat' dir='ltr'>nos</span> <span class='ocrx_word' id='word_1_17' title='bbox 929 867 990 933; x_wconf 84' lang='lat' dir='ltr'>pro</span> <span class='ocrx_word' id='word_1_18' title='bbox 1007 846 1072 910; x_wconf 85' lang='lat' dir='ltr'>eius</span> <span class='ocrx_word' id='word_1_19' title='bbox 1089 865 1200 924; x_wconf 83' lang='lat' dir='ltr'>rmore,</span> <span class='ocrx_word' id='word_1_20' title='bbox 1227 846 1279 930; x_wconf 78' lang='lat' dir='ltr'>ptri</span> <span class='ocrx_word' id='word_1_21' title='bbox 1297 838 1445 932; x_wconf 72' lang='lat' dir='ltr'><em>pependit</em></span> <span class='ocrx_word' id='word_1_22' title='bbox 1462 845 1493 908; x_wconf 84' lang='lat' dir='ltr'>in</span> <span class='ocrx_word' id='word_1_23' title='bbox 1518 865 1601 908; x_wconf 81' lang='lat' dir='ltr'>cruce</span> 
     </span>
     <span class='ocr_line' id='line_1_4' title="bbox 573 943 1602 1038; baseline -0.002 -22"><span class='ocrx_word' id='word_1_24' title='bbox 573 972 634 1037; x_wconf 86' lang='lat' dir='ltr'>pto</span> <span class='ocrx_word' id='word_1_25' title='bbox 662 950 770 1016; x_wconf 79' lang='lat' dir='ltr'>nobssl</span> <span class='ocrx_word' id='word_1_26' title='bbox 809 945 843 1015; x_wconf 76' lang='lat' dir='ltr'>lit</span> <span class='ocrx_word' id='word_1_27' title='bbox 872 946 1017 1016; x_wconf 87' lang='lat' dir='ltr'>exierunt</span> <span class='ocrx_word' id='word_1_28' title='bbox 1047 943 1164 1016; x_wconf 87' lang='lat' dir='ltr'>Christi</span> <span class='ocrx_word' id='word_1_29' title='bbox 1192 943 1308 1013; x_wconf 86' lang='lat' dir='ltr'>milites</span> <span class='ocrx_word' id='word_1_30' title='bbox 1340 944 1433 1038; x_wconf 90' lang='lat' dir='ltr'>super</span> <span class='ocrx_word' id='word_1_31' title='bbox 1461 943 1535 1014; x_wconf 84' lang='lat' dir='ltr'>illos</span> <span class='ocrx_word' id='word_1_32' title='bbox 1568 945 1602 1014; x_wconf 88' lang='lat'>&amp;</span> 
     </span>
     <span class='ocr_line' id='line_1_5' title="bbox 577 1046 1603 1147; baseline -0.004 -25"><span class='ocrx_word' id='word_1_33' title='bbox 577 1051 708 1122; x_wconf 88' lang='lat' dir='ltr'>viriliter</span> <span class='ocrx_word' id='word_1_34' title='bbox 732 1071 915 1147; x_wconf 83' lang='lat' dir='ltr'>pugnantes</span> <span class='ocrx_word' id='word_1_35' title='bbox 943 1051 1113 1122; x_wconf 70' lang='lat' dir='ltr'>vistotiam</span> <span class='ocrx_word' id='word_1_36' title='bbox 1143 1046 1324 1120; x_wconf 87' lang='lat' dir='ltr'>habuerunt</span> <span class='ocrx_word' id='word_1_37' title='bbox 1354 1049 1543 1137; x_wconf 80' lang='lat' dir='ltr'>maximam,</span> <span class='ocrx_word' id='word_1_38' title='bbox 1569 1051 1603 1118; x_wconf 72' lang='grc' dir='ltr'>δι</span> 
     </span>
     <span class='ocr_line' id='line_1_6' title="bbox 578 1151 1603 1253; baseline 0.001 -27"><span class='ocrx_word' id='word_1_39' title='bbox 578 1156 642 1246; x_wconf 86' lang='lat' dir='ltr'>ille,</span> <span class='ocrx_word' id='word_1_40' title='bbox 669 1157 725 1251; x_wconf 92' lang='lat' dir='ltr'>qui</span> <span class='ocrx_word' id='word_1_41' title='bbox 743 1158 926 1227; x_wconf 88' lang='lat' dir='ltr'>Dominum</span> <span class='ocrx_word' id='word_1_42' title='bbox 949 1151 1204 1253; x_wconf 88' lang='lat' dir='ltr'>blasphemabat,</span> <span class='ocrx_word' id='word_1_43' title='bbox 1230 1179 1375 1226; x_wconf 87' lang='lat' dir='ltr'>mortuus</span> <span class='ocrx_word' id='word_1_44' title='bbox 1392 1151 1453 1225; x_wconf 78' lang='lat' dir='ltr'>sirit</span> <span class='ocrx_word' id='word_1_45' title='bbox 1473 1179 1603 1227; x_wconf 81' lang='lat' dir='ltr'>cumxv</span> 
     </span>
     <span class='ocr_line' id='line_1_7' title="bbox 580 1259 1604 1356; baseline -0.002 -24"><span class='ocrx_word' id='word_1_46' title='bbox 580 1259 733 1332; x_wconf 84' lang='lat' dir='ltr'>militibus</span> <span class='ocrx_word' id='word_1_47' title='bbox 752 1265 787 1331; x_wconf 73' lang='grc' dir='ltr'>δι</span> <span class='ocrx_word' id='word_1_48' title='bbox 805 1259 1002 1356; x_wconf 90' lang='lat' dir='ltr'>lpeditibus,</span> <span class='ocrx_word' id='word_1_49' title='bbox 1020 1265 1054 1333; x_wconf 79' lang='lat' dir='ltr'>dt</span> <span class='ocrx_word' id='word_1_50' title='bbox 1067 1261 1162 1332; x_wconf 90' lang='lat' dir='ltr'>multi</span> <span class='ocrx_word' id='word_1_51' title='bbox 1183 1260 1355 1333; x_wconf 88' lang='lat' dir='ltr'>Christiani</span> <span class='ocrx_word' id='word_1_52' title='bbox 1371 1264 1406 1330; x_wconf 73' lang='grc' dir='ltr'>δι</span> <span class='ocrx_word' id='word_1_53' title='bbox 1422 1262 1498 1356; x_wconf 89' lang='lat' dir='ltr'>equi</span> <span class='ocrx_word' id='word_1_54' title='bbox 1519 1285 1604 1331; x_wconf 86' lang='lat' dir='ltr'>mot·</span> 
     </span>
     <span class='ocr_line' id='line_1_8' title="bbox 581 1365 1603 1465; baseline 0 -27"><span class='ocrx_word' id='word_1_55' title='bbox 581 1371 626 1438; x_wconf 91' lang='lat' dir='ltr'>rui</span> <span class='ocrx_word' id='word_1_56' title='bbox 643 1371 677 1438; x_wconf 78' lang='lat' dir='ltr'>dt</span> <span class='ocrx_word' id='word_1_57' title='bbox 693 1368 851 1440; x_wconf 85' lang='lat' dir='ltr'>vulnerati</span> <span class='ocrx_word' id='word_1_58' title='bbox 869 1367 941 1437; x_wconf 92' lang='lat' dir='ltr'>sunt</span> <span class='ocrx_word' id='word_1_59' title='bbox 960 1365 1015 1459; x_wconf 89' lang='lat' dir='ltr'>ibi,</span> <span class='ocrx_word' id='word_1_60' title='bbox 1035 1371 1070 1437; x_wconf 75' lang='grc' dir='ltr'>δε</span> <span class='ocrx_word' id='word_1_61' title='bbox 1086 1366 1179 1438; x_wconf 88' lang='lat' dir='ltr'>multi</span> <span class='ocrx_word' id='word_1_62' title='bbox 1196 1367 1361 1438; x_wconf 87' lang='lat' dir='ltr'>Sarraceni</span> <span class='ocrx_word' id='word_1_63' title='bbox 1377 1369 1412 1437; x_wconf 90' lang='lat'>&amp;</span> <span class='ocrx_word' id='word_1_64' title='bbox 1435 1367 1553 1465; x_wconf 82' lang='lat' dir='ltr'>Pagani</span> <span class='ocrx_word' id='word_1_65' title='bbox 1570 1367 1603 1438; x_wconf 89' lang='lat' dir='ltr'>in</span> 
     </span>
     <span class='ocr_line' id='line_1_9' title="bbox 581 1471 1604 1570; baseline 0.001 -28"><span class='ocrx_word' id='word_1_66' title='bbox 581 1471 671 1544; x_wconf 68' lang='lat' dir='ltr'>dislo</span> <span class='ocrx_word' id='word_1_67' title='bbox 690 1475 792 1570; x_wconf 89' lang='lat' dir='ltr'>prelio</span> <span class='ocrx_word' id='word_1_68' title='bbox 815 1478 933 1546; x_wconf 89' lang='lat' dir='ltr'>mortui</span> <span class='ocrx_word' id='word_1_69' title='bbox 956 1477 1101 1566; x_wconf 81' lang='lat' dir='ltr'>suerunt3</span> <span class='ocrx_word' id='word_1_70' title='bbox 1132 1472 1361 1568; x_wconf 87' lang='lat' dir='ltr'>decapitari&amp;</span> <span class='ocrx_word' id='word_1_71' title='bbox 1385 1471 1604 1545; x_wconf 83' lang='lat' dir='ltr'>dismembrati</span> 
     </span>
     <span class='ocr_line' id='line_1_10' title="bbox 580 1578 1604 1676; baseline 0.003 -28"><span class='ocrx_word' id='word_1_72' title='bbox 580 1580 615 1649; x_wconf 91' lang='lat' dir='ltr'>in</span> <span class='ocrx_word' id='word_1_73' title='bbox 637 1579 769 1652; x_wconf 88' lang='lat' dir='ltr'>sablone</span> <span class='ocrx_word' id='word_1_74' title='bbox 790 1580 949 1654; x_wconf 89' lang='lat' dir='ltr'>iacebant.</span> <span class='ocrx_word' id='word_1_75' title='bbox 977 1583 1029 1651; x_wconf 58' lang='grc' dir='ltr'>Αἰ</span> <span class='ocrx_word' id='word_1_76' title='bbox 1052 1605 1120 1676; x_wconf 93' lang='lat' dir='ltr'>quo</span> <span class='ocrx_word' id='word_1_77' title='bbox 1138 1580 1241 1675; x_wconf 89' lang='lat' dir='ltr'>prelio</span> <span class='ocrx_word' id='word_1_78' title='bbox 1258 1579 1376 1676; x_wconf 87' lang='lat' dir='ltr'>Pagani</span> <span class='ocrx_word' id='word_1_79' title='bbox 1398 1578 1604 1651; x_wconf 90' lang='lat' dir='ltr'>cumdolore</span> 
     </span>
     <span class='ocr_line' id='line_1_11' title="bbox 581 1683 1603 1782; baseline -0.002 -24"><span class='ocrx_word' id='word_1_80' title='bbox 581 1689 616 1758; x_wconf 78' lang='lat' dir='ltr'>dt</span> <span class='ocrx_word' id='word_1_81' title='bbox 645 1711 771 1758; x_wconf 91' lang='lat' dir='ltr'>merore</span> <span class='ocrx_word' id='word_1_82' title='bbox 800 1683 1003 1775; x_wconf 85' lang='lat' dir='ltr'>recesserunt,</span> <span class='ocrx_word' id='word_1_83' title='bbox 1035 1689 1069 1758; x_wconf 81' lang='grc' dir='ltr'>δι</span> <span class='ocrx_word' id='word_1_84' title='bbox 1097 1685 1270 1758; x_wconf 88' lang='lat' dir='ltr'>Christiani</span> <span class='ocrx_word' id='word_1_85' title='bbox 1288 1699 1303 1730; x_wconf 80' lang='lat'><em>²</em></span> <span class='ocrx_word' id='word_1_86' title='bbox 1327 1709 1404 1755; x_wconf 91' lang='lat' dir='ltr'>cum</span> <span class='ocrx_word' id='word_1_87' title='bbox 1438 1687 1603 1782; x_wconf 82' lang='lat' dir='ltr'>triumpho</span> 
     </span>
     <span class='ocr_line' id='line_1_12' title="bbox 582 1781 1488 1866; baseline -0.004 0"><span class='ocrx_word' id='word_1_88' title='bbox 582 1795 802 1866; x_wconf 89' lang='lat' dir='ltr'>remanserunt</span> <span class='ocrx_word' id='word_1_89' title='bbox 816 1791 983 1864; x_wconf 82' lang='lat' dir='ltr'>laudantes</span> <span class='ocrx_word' id='word_1_90' title='bbox 999 1796 1033 1862; x_wconf 76' lang='grc' dir='ltr'><strong>ἃ</strong></span> <span class='ocrx_word' id='word_1_91' title='bbox 1049 1781 1277 1864; x_wconf 77' lang='lat' dir='ltr'>benedicentes</span> <span class='ocrx_word' id='word_1_92' title='bbox 1294 1792 1488 1862; x_wconf 89' lang='lat' dir='ltr'>Dominum.</span> 
     </span>
    </p>

    <p class='ocr_par' dir='ltr' id='par_1_4' title="bbox 477 1895 1760 2524">
     <span class='ocr_line' id='line_1_13' title="bbox 477 1895 1760 1994; baseline 0.005 -29"><span class='ocrx_word' id='word_1_93' title='bbox 477 1921 535 1978; x_wconf 66' lang='lat' dir='ltr'>nug.</span> <span class='ocrx_word' id='word_1_94' title='bbox 547 1929 568 1979; x_wconf 83' lang='grc' dir='ltr'>ς.</span> <span class='ocrx_word' id='word_1_95' title='bbox 630 1898 789 1970; x_wconf 87' lang='lat' dir='ltr'>XXXVll.</span> <span class='ocrx_word' id='word_1_96' title='bbox 809 1904 841 1968; x_wconf 90' lang='lat' dir='ltr'>ln</span> <span class='ocrx_word' id='word_1_97' title='bbox 862 1897 914 1970; x_wconf 91' lang='lat' dir='ltr'>die</span> <span class='ocrx_word' id='word_1_98' title='bbox 930 1897 1259 1994; x_wconf 82' lang='lat' dir='ltr'>Transfigurationis³</span> <span class='ocrx_word' id='word_1_99' title='bbox 1280 1897 1418 1966; x_wconf 87' lang='lat' dir='ltr'>Domini</span> <span class='ocrx_word' id='word_1_100' title='bbox 1436 1895 1723 1971; x_wconf 67' lang='lat' dir='ltr'>christianitate</span> <span class='ocrx_word' id='word_1_101' title='bbox 1736 1909 1760 1955; x_wconf 74' lang='grc' dir='ltr'>Β·</span> 
     </span>
     <span class='ocr_line' id='line_1_14' title="bbox 582 1997 1608 2097; baseline -0.004 -23"><span class='ocrx_word' id='word_1_102' title='bbox 582 2003 637 2074; x_wconf 89' lang='lat' dir='ltr'>die</span> <span class='ocrx_word' id='word_1_103' title='bbox 655 2006 689 2072; x_wconf 76' lang='grc' dir='ltr'><strong>ἃ</strong></span> <span class='ocrx_word' id='word_1_104' title='bbox 707 2008 804 2074; x_wconf 75' lang='lat' dir='ltr'>nocte</span> <span class='ocrx_word' id='word_1_105' title='bbox 821 2005 956 2074; x_wconf 87' lang='lat' dir='ltr'>civitatis</span> <span class='ocrx_word' id='word_1_106' title='bbox 973 1999 1125 2072; x_wconf 83' lang='lat' dir='ltr'>fossarum</span> <span class='ocrx_word' id='word_1_107' title='bbox 1139 2001 1274 2097; x_wconf 90' lang='lat' dir='ltr'>implere</span> <span class='ocrx_word' id='word_1_108' title='bbox 1287 2001 1491 2092; x_wconf 72' lang='lat' dir='ltr'>nitebantur,</span> <span class='ocrx_word' id='word_1_109' title='bbox 1508 1997 1608 2072; x_wconf 85' lang='lat' dir='ltr'>lrabe-</span> 
     </span>
     <span class='ocr_line' id='line_1_15' title="bbox 583 2106 1608 2205; baseline -0.003 -26"><span class='ocrx_word' id='word_1_110' title='bbox 583 2108 662 2180; x_wconf 91' lang='lat' dir='ltr'>bant</span> <span class='ocrx_word' id='word_1_111' title='bbox 676 2133 816 2203; x_wconf 88' lang='lat' dir='ltr'>namque</span> <span class='ocrx_word' id='word_1_112' title='bbox 830 2131 955 2205; x_wconf 84' lang='lat' dir='ltr'>gattum</span> <span class='ocrx_word' id='word_1_113' title='bbox 969 2131 1071 2179; x_wconf 90' lang='lat' dir='ltr'>unum</span> <span class='ocrx_word' id='word_1_114' title='bbox 1083 2106 1267 2178; x_wconf 87' lang='lat' dir='ltr'>mirabiliter</span> <span class='ocrx_word' id='word_1_115' title='bbox 1284 2109 1514 2198; x_wconf 74' lang='lat' dir='ltr'>construdlum,</span> <span class='ocrx_word' id='word_1_116' title='bbox 1531 2129 1608 2176; x_wconf 89' lang='lat' dir='ltr'>cum</span> 
     </span>
     <span class='ocr_line' id='line_1_16' title="bbox 583 2211 1609 2310; baseline -0.003 -26"><span class='ocrx_word' id='word_1_117' title='bbox 583 2241 652 2310; x_wconf 93' lang='lat' dir='ltr'>quo</span> <span class='ocrx_word' id='word_1_118' title='bbox 666 2216 829 2286; x_wconf 87' lang='lat' dir='ltr'>civitatem</span> <span class='ocrx_word' id='word_1_119' title='bbox 842 2239 958 2310; x_wconf 82' lang='lat' dir='ltr'>capere</span> <span class='ocrx_word' id='word_1_120' title='bbox 969 2212 1187 2286; x_wconf 84' lang='lat' dir='ltr'>indubitanter</span> <span class='ocrx_word' id='word_1_121' title='bbox 1199 2211 1384 2286; x_wconf 90' lang='lat' dir='ltr'>credebant.</span> <span class='ocrx_word' id='word_1_122' title='bbox 1399 2213 1609 2308; x_wconf 74' lang='lat' dir='ltr'>percipientes</span> 
     </span>
     <span class='ocr_line' id='line_1_17' title="bbox 583 2318 1608 2419; baseline -0.003 -27"><span class='ocrx_word' id='word_1_123' title='bbox 583 2321 927 2416; x_wconf 88' lang='lat' dir='ltr'>Sarraceniplurimum</span> <span class='ocrx_word' id='word_1_124' title='bbox 935 2341 1062 2419; x_wconf 83' lang='lat' dir='ltr'>gartum</span> <span class='ocrx_word' id='word_1_125' title='bbox 1070 2320 1161 2390; x_wconf 91' lang='lat' dir='ltr'>illum</span> <span class='ocrx_word' id='word_1_126' title='bbox 1171 2322 1331 2412; x_wconf 86' lang='lat' dir='ltr'>timentes,</span> <span class='ocrx_word' id='word_1_127' title='bbox 1339 2318 1608 2418; x_wconf 74' lang='lat' dir='ltr'>signumsoldano</span> 
     </span>
     <span class='ocr_line' id='line_1_18' title="bbox 585 2423 1608 2524; baseline -0.002 -27"><span class='ocrx_word' id='word_1_128' title='bbox 585 2427 740 2517; x_wconf 78' lang='lat' dir='ltr'>fecerunt,</span> <span class='ocrx_word' id='word_1_129' title='bbox 750 2427 906 2521; x_wconf 89' lang='lat' dir='ltr'>quoviso,</span> <span class='ocrx_word' id='word_1_130' title='bbox 922 2423 1074 2498; x_wconf 86' lang='lat' dir='ltr'>soldanus</span> <span class='ocrx_word' id='word_1_131' title='bbox 1084 2429 1262 2497; x_wconf 91' lang='lat' dir='ltr'>cumomni</span> <span class='ocrx_word' id='word_1_132' title='bbox 1274 2451 1373 2524; x_wconf 88' lang='lat' dir='ltr'>genre</span> <span class='ocrx_word' id='word_1_133' title='bbox 1385 2423 1490 2498; x_wconf 89' lang='lat' dir='ltr'>suaad</span> <span class='ocrx_word' id='word_1_134' title='bbox 1500 2425 1608 2496; x_wconf 84' lang='lat' dir='ltr'>Chris·</span> 
     </span>
    </p>

    <p class='ocr_par' dir='ltr' id='par_1_5' title="bbox 519 2531 1609 2629">
     <span class='ocr_line' id='line_1_19' title="bbox 519 2531 1609 2629; baseline -0.003 -26"><span class='ocrx_word' id='word_1_135' title='bbox 519 2569 523 2578; x_wconf 93' lang='lat'><em>·</em></span> <span class='ocrx_word' id='word_1_136' title='bbox 585 2535 749 2603; x_wconf 86' lang='lat' dir='ltr'>rianorum</span> <span class='ocrx_word' id='word_1_137' title='bbox 778 2533 877 2603; x_wconf 87' lang='lat' dir='ltr'>castra</span> <span class='ocrx_word' id='word_1_138' title='bbox 906 2533 1060 2605; x_wconf 88' lang='lat' dir='ltr'>velociter</span> <span class='ocrx_word' id='word_1_139' title='bbox 1086 2534 1376 2629; x_wconf 89' lang='lat' dir='ltr'>appropinquavit,</span> <span class='ocrx_word' id='word_1_140' title='bbox 1407 2535 1442 2603; x_wconf 73' lang='grc' dir='ltr'>ἃ</span> <span class='ocrx_word' id='word_1_141' title='bbox 1469 2531 1609 2628; x_wconf 90' lang='lat' dir='ltr'>prelium</span> 
     </span>
    </p>

    <p class='ocr_par' dir='ltr' id='par_1_6' title="bbox 584 2637 1771 3454">
     <span class='ocr_line' id='line_1_20' title="bbox 585 2637 1608 2737; baseline -0.004 -27"><span class='ocrx_word' id='word_1_142' title='bbox 585 2663 744 2737; x_wconf 82' lang='lat' dir='ltr'>magnum</span> <span class='ocrx_word' id='word_1_143' title='bbox 766 2663 841 2709; x_wconf 91' lang='lat' dir='ltr'>cum</span> <span class='ocrx_word' id='word_1_144' title='bbox 857 2639 1071 2711; x_wconf 69' lang='lat' dir='ltr'>christianiss</span> <span class='ocrx_word' id='word_1_145' title='bbox 1089 2640 1241 2710; x_wconf 88' lang='lat' dir='ltr'>fecerunt.</span> <span class='ocrx_word' id='word_1_146' title='bbox 1255 2654 1266 2699; x_wconf 80' lang='lat'>³</span> <span class='ocrx_word' id='word_1_147' title='bbox 1286 2639 1320 2709; x_wconf 79' lang='lat' dir='ltr'>Et</span> <span class='ocrx_word' id='word_1_148' title='bbox 1333 2637 1413 2709; x_wconf 92' lang='lat' dir='ltr'>dum</span> <span class='ocrx_word' id='word_1_149' title='bbox 1426 2637 1467 2709; x_wconf 86' lang='lat' dir='ltr'>src</span> <span class='ocrx_word' id='word_1_150' title='bbox 1479 2659 1608 2736; x_wconf 81' lang='lat' dir='ltr'>pugna·</span> 
     </span>
     <span class='ocr_line' id='line_1_21' title="bbox 585 2743 1609 2843; baseline 0 -28"><span class='ocrx_word' id='word_1_151' title='bbox 585 2769 666 2834; x_wconf 88' lang='lat' dir='ltr'>rent,</span> <span class='ocrx_word' id='word_1_152' title='bbox 684 2745 800 2843; x_wconf 87' lang='lat' dir='ltr'>Pagani</span> <span class='ocrx_word' id='word_1_153' title='bbox 813 2749 847 2816; x_wconf 78' lang='grc' dir='ltr'>ἀ</span> <span class='ocrx_word' id='word_1_154' title='bbox 860 2747 1036 2836; x_wconf 75' lang='lat' dir='ltr'>sarraceni,</span> <span class='ocrx_word' id='word_1_155' title='bbox 1055 2745 1160 2841; x_wconf 90' lang='lat' dir='ltr'>quiin</span> <span class='ocrx_word' id='word_1_156' title='bbox 1180 2747 1309 2817; x_wconf 87' lang='lat' dir='ltr'>civitate</span> <span class='ocrx_word' id='word_1_157' title='bbox 1323 2745 1468 2838; x_wconf 85' lang='lat' dir='ltr'>aderant,</span> <span class='ocrx_word' id='word_1_158' title='bbox 1486 2745 1527 2817; x_wconf 90' lang='lat' dir='ltr'>de</span> <span class='ocrx_word' id='word_1_159' title='bbox 1544 2743 1609 2815; x_wconf 87' lang='lat' dir='ltr'>ea⁶</span> 
     </span>
     <span class='ocr_line' id='line_1_22' title="bbox 585 2850 1607 2950; baseline 0.002 -26"><span class='ocrx_word' id='word_1_160' title='bbox 585 2875 736 2924; x_wconf 84' lang='lat' dir='ltr'>exeuntes</span> <span class='ocrx_word' id='word_1_161' title='bbox 757 2877 885 2950; x_wconf 86' lang='lat' dir='ltr'>gattum</span> <span class='ocrx_word' id='word_1_162' title='bbox 901 2853 991 2923; x_wconf 92' lang='lat' dir='ltr'>illum</span> <span class='ocrx_word' id='word_1_163' title='bbox 1009 2850 1276 2924; x_wconf 82' lang='lat' dir='ltr'>combusserunt⁷</span> <span class='ocrx_word' id='word_1_164' title='bbox 1292 2851 1479 2925; x_wconf 76' lang='lat' dir='ltr'>&amp;fimilr&#39;ter</span> <span class='ocrx_word' id='word_1_165' title='bbox 1491 2855 1572 2926; x_wconf 84' lang='lat' dir='ltr'>alios</span> <span class='ocrx_word' id='word_1_166' title='bbox 1594 2858 1607 2904; x_wconf 81' lang='lat'><strong>⁸</strong></span> 
     </span>
     <span class='ocr_line' id='line_1_23' title="bbox 584 2957 1608 3057; baseline 0.003 -27"><span class='ocrx_word' id='word_1_167' title='bbox 584 2961 627 3047; x_wconf 86' lang='lat' dir='ltr'>vij</span> <span class='ocrx_word' id='word_1_168' title='bbox 644 2972 789 3056; x_wconf 82' lang='lat' dir='ltr'>gattos⁹</span> <span class='ocrx_word' id='word_1_169' title='bbox 818 2963 850 3028; x_wconf 91' lang='lat' dir='ltr'>ln</span> <span class='ocrx_word' id='word_1_170' title='bbox 867 2973 895 3006; x_wconf 84' lang='lat'>¹0</span> <span class='ocrx_word' id='word_1_171' title='bbox 907 2959 964 3028; x_wconf 92' lang='lat' dir='ltr'>illo</span> <span class='ocrx_word' id='word_1_172' title='bbox 985 2957 1039 3029; x_wconf 90' lang='lat' dir='ltr'>die</span> <span class='ocrx_word' id='word_1_173' title='bbox 1051 2983 1209 3030; x_wconf 86' lang='lat' dir='ltr'>venerunt</span> <span class='ocrx_word' id='word_1_174' title='bbox 1224 2985 1286 3030; x_wconf 82' lang='lat' dir='ltr'>xxx</span> <span class='ocrx_word' id='word_1_175' title='bbox 1302 2960 1396 3057; x_wconf 88' lang='lat' dir='ltr'>galee</span> <span class='ocrx_word' id='word_1_176' title='bbox 1416 2963 1451 3031; x_wconf 88' lang='lat'>&amp;</span> <span class='ocrx_word' id='word_1_177' title='bbox 1472 2959 1608 3034; x_wconf 88' lang='lat' dir='ltr'>berbote</span> 
     </span>
     <span class='ocr_line' id='line_1_24' title="bbox 584 3063 1608 3162; baseline 0.003 -26"><span class='ocrx_word' id='word_1_178' title='bbox 584 3068 834 3136; x_wconf 87' lang='lat' dir='ltr'>Sarracenorum</span> <span class='ocrx_word' id='word_1_179' title='bbox 850 3091 906 3161; x_wconf 91' lang='lat' dir='ltr'>per</span> <span class='ocrx_word' id='word_1_180' title='bbox 923 3064 1044 3136; x_wconf 88' lang='lat' dir='ltr'>flumen</span> <span class='ocrx_word' id='word_1_181' title='bbox 1058 3068 1093 3135; x_wconf 75' lang='grc' dir='ltr'>ἃ</span> <span class='ocrx_word' id='word_1_182' title='bbox 1106 3063 1282 3136; x_wconf 88' lang='lat' dir='ltr'>credebant</span> <span class='ocrx_word' id='word_1_183' title='bbox 1300 3089 1443 3136; x_wconf 88' lang='lat' dir='ltr'>cremare</span> <span class='ocrx_word' id='word_1_184' title='bbox 1459 3091 1608 3162; x_wconf 82' lang='lat' dir='ltr'>pontem,</span> 
     </span>
     <span class='ocr_line' id='line_1_25' title="bbox 585 3169 1608 3267; baseline 0.003 -26"><span class='ocrx_word' id='word_1_185' title='bbox 585 3197 650 3242; x_wconf 92' lang='lat' dir='ltr'>una</span> <span class='ocrx_word' id='word_1_186' title='bbox 674 3197 810 3267; x_wconf 88' lang='lat' dir='ltr'>quarum</span> <span class='ocrx_word' id='word_1_187' title='bbox 836 3169 1004 3241; x_wconf 89' lang='lat' dir='ltr'>combusta</span> <span class='ocrx_word' id='word_1_188' title='bbox 1029 3171 1074 3241; x_wconf 84' lang='lat' dir='ltr'>est</span> <span class='ocrx_word' id='word_1_189' title='bbox 1103 3197 1122 3240; x_wconf 93' lang='lat' dir='ltr'>a</span> <span class='ocrx_word' id='word_1_190' title='bbox 1151 3171 1351 3242; x_wconf 85' lang='lat' dir='ltr'>Christianis.</span> <span class='ocrx_word' id='word_1_191' title='bbox 1385 3171 1426 3241; x_wconf 78' lang='lat' dir='ltr'>Ea</span> <span class='ocrx_word' id='word_1_192' title='bbox 1443 3170 1496 3242; x_wconf 91' lang='lat' dir='ltr'>die</span> <span class='ocrx_word' id='word_1_193' title='bbox 1515 3173 1608 3244; x_wconf 89' lang='lat' dir='ltr'>multi</span> 
     </span>
     <span class='ocr_line' id='line_1_26' title="bbox 586 3275 1771 3372; baseline 0.003 -24"><span class='ocrx_word' id='word_1_194' title='bbox 586 3276 757 3348; x_wconf 87' lang='lat' dir='ltr'>Chrisliani</span> <span class='ocrx_word' id='word_1_195' title='bbox 768 3289 793 3322; x_wconf 88' lang='lat'>¹¹</span> <span class='ocrx_word' id='word_1_196' title='bbox 809 3279 993 3372; x_wconf 79' lang='lat' dir='ltr'>interempti</span> <span class='ocrx_word' id='word_1_197' title='bbox 1009 3279 1044 3346; x_wconf 91' lang='lat'>&amp;</span> <span class='ocrx_word' id='word_1_198' title='bbox 1060 3277 1229 3368; x_wconf 85' lang='lat' dir='ltr'>vulnerati,</span> <span class='ocrx_word' id='word_1_199' title='bbox 1246 3275 1333 3350; x_wconf 89' lang='lat' dir='ltr'>unde</span> <span class='ocrx_word' id='word_1_200' title='bbox 1354 3277 1518 3350; x_wconf 88' lang='lat' dir='ltr'>Sarraceni</span> <span class='ocrx_word' id='word_1_201' title='bbox 1536 3279 1608 3350; x_wconf 92' lang='lat' dir='ltr'>sunt</span> <span class='ocrx_word' id='word_1_202' title='bbox 1622 3303 1648 3350; x_wconf 78' lang='lat' dir='ltr'>e.</span> <span class='ocrx_word' id='word_1_203' title='bbox 1661 3304 1678 3351; x_wconf 87' lang='lat' dir='ltr'>f.</span> <span class='ocrx_word' id='word_1_204' title='bbox 1692 3307 1771 3366; x_wconf 77' lang='lat' dir='ltr'>113B.</span> 
     </span>
     <span class='ocr_line' id='line_1_27' title="bbox 585 3382 1228 3454; baseline -0.003 0"><span class='ocrx_word' id='word_1_205' title='bbox 585 3383 701 3454; x_wconf 87' lang='lat' dir='ltr'>elevati</span> <span class='ocrx_word' id='word_1_206' title='bbox 713 3385 747 3452; x_wconf 73' lang='grc' dir='ltr'>ἃ</span> <span class='ocrx_word' id='word_1_207' title='bbox 764 3382 936 3454; x_wconf 84' lang='lat' dir='ltr'>Christiani</span> <span class='ocrx_word' id='word_1_208' title='bbox 953 3383 1024 3454; x_wconf 92' lang='lat' dir='ltr'>sunt</span> <span class='ocrx_word' id='word_1_209' title='bbox 1040 3383 1228 3453; x_wconf 85' lang='lat' dir='ltr'>contristari.</span> 
     </span>
    </p>

    <p class='ocr_par' dir='ltr' id='par_1_7' title="bbox 467 3487 1607 3585">
     <span class='ocr_line' id='line_1_28' title="bbox 467 3487 1607 3585; baseline -0.002 -23"><span class='ocrx_word' id='word_1_210' title='bbox 467 3519 524 3574; x_wconf 68' lang='lat' dir='ltr'>nug.</span> <span class='ocrx_word' id='word_1_211' title='bbox 537 3527 571 3576; x_wconf 81' lang='lat'>15.</span> <span class='ocrx_word' id='word_1_212' title='bbox 589 3545 591 3551; x_wconf 22' lang='grc' dir='ltr'>ι</span> <span class='ocrx_word' id='word_1_213' title='bbox 634 3489 804 3560; x_wconf 90' lang='lat' dir='ltr'>XXXVlll.</span> <span class='ocrx_word' id='word_1_214' title='bbox 819 3495 887 3559; x_wconf 81' lang='lat' dir='ltr'>ln¹²</span> <span class='ocrx_word' id='word_1_215' title='bbox 901 3492 998 3559; x_wconf 77' lang='lat' dir='ltr'>nocte</span> <span class='ocrx_word' id='word_1_216' title='bbox 1009 3487 1245 3585; x_wconf 79' lang='lat' dir='ltr'>Assumptionis</span> <span class='ocrx_word' id='word_1_217' title='bbox 1255 3492 1370 3562; x_wconf 73' lang='lat' dir='ltr'>sancte</span> <span class='ocrx_word' id='word_1_218' title='bbox 1380 3492 1478 3562; x_wconf 87' lang='lat' dir='ltr'>Marie</span> <span class='ocrx_word' id='word_1_219' title='bbox 1489 3489 1531 3562; x_wconf 89' lang='lat' dir='ltr'>de</span> <span class='ocrx_word' id='word_1_220' title='bbox 1542 3493 1607 3560; x_wconf 84' lang='lat' dir='ltr'>llu-</span> 
     </span>
    </p>
   </div>
   <div class='ocr_carea' id='block_1_3' title="bbox 584 3595 1607 3693">
    <p class='ocr_par' dir='ltr' id='par_1_8' title="bbox 584 3595 1607 3693">
     <span class='ocr_line' id='line_1_29' title="bbox 584 3595 1607 3693; baseline 0.002 -27"><span class='ocrx_word' id='word_1_221' title='bbox 584 3596 679 3693; x_wconf 87' lang='lat' dir='ltr'>gusto</span> <span class='ocrx_word' id='word_1_222' title='bbox 694 3601 771 3667; x_wconf 74' lang='lat' dir='ltr'>otto</span> <span class='ocrx_word' id='word_1_223' title='bbox 782 3597 944 3668; x_wconf 86' lang='lat' dir='ltr'>Sarraceni</span> <span class='ocrx_word' id='word_1_224' title='bbox 961 3596 1195 3692; x_wconf 89' lang='lat' dir='ltr'>sueruntcapti,</span> <span class='ocrx_word' id='word_1_225' title='bbox 1211 3599 1266 3692; x_wconf 88' lang='lat' dir='ltr'>qui</span> <span class='ocrx_word' id='word_1_226' title='bbox 1279 3595 1453 3669; x_wconf 88' lang='lat' dir='ltr'>veniebant</span> <span class='ocrx_word' id='word_1_227' title='bbox 1462 3595 1607 3670; x_wconf 86' lang='lat' dir='ltr'>natando</span> 
     </span>
    </p>
   </div>
   <div class='ocr_carea' id='block_1_4' title="bbox 585 3701 1607 3910">
    <p class='ocr_par' dir='ltr' id='par_1_9' title="bbox 585 3701 1607 3910">
     <span class='ocr_line' id='line_1_30' title="bbox 585 3701 1607 3799; baseline 0.002 -27"><span class='ocrx_word' id='word_1_228' title='bbox 585 3701 627 3773; x_wconf 90' lang='lat' dir='ltr'>ab</span> <span class='ocrx_word' id='word_1_229' title='bbox 642 3705 779 3774; x_wconf 84' lang='lat' dir='ltr'>exercitu</span> <span class='ocrx_word' id='word_1_230' title='bbox 799 3701 923 3774; x_wconf 87' lang='lat' dir='ltr'>soldani</span> <span class='ocrx_word' id='word_1_231' title='bbox 937 3701 1115 3773; x_wconf 89' lang='lat' dir='ltr'>deserentes</span> <span class='ocrx_word' id='word_1_232' title='bbox 1131 3704 1255 3799; x_wconf 83' lang='lat' dir='ltr'>ignem,</span> <span class='ocrx_word' id='word_1_233' title='bbox 1270 3701 1442 3774; x_wconf 85' lang='lat' dir='ltr'>columbos</span> <span class='ocrx_word' id='word_1_234' title='bbox 1459 3707 1493 3775; x_wconf 75' lang='grc' dir='ltr'>ἃ</span> <span class='ocrx_word' id='word_1_235' title='bbox 1505 3729 1607 3776; x_wconf 88' lang='lat' dir='ltr'>cartas</span> 
     </span>
     <span class='ocr_line' id='line_1_31' title="bbox 585 3807 1606 3910; baseline 0.002 -30"><span class='ocrx_word' id='word_1_236' title='bbox 585 3807 905 3880; x_wconf 88' lang='lat' dir='ltr'>&amp;volebantinrrare</span> <span class='ocrx_word' id='word_1_237' title='bbox 915 3809 1086 3882; x_wconf 86' lang='lat' dir='ltr'>civitatem.</span> <span class='ocrx_word' id='word_1_238' title='bbox 1101 3811 1195 3879; x_wconf 61' lang='lat' dir='ltr'>Facio</span> <span class='ocrx_word' id='word_1_239' title='bbox 1205 3833 1301 3882; x_wconf 91' lang='lat' dir='ltr'>mane</span> <span class='ocrx_word' id='word_1_240' title='bbox 1310 3809 1352 3882; x_wconf 89' lang='lat' dir='ltr'>ad</span> <span class='ocrx_word' id='word_1_241' title='bbox 1361 3808 1606 3910; x_wconf 86' lang='lat' dir='ltr'>dedecusPaga-</span> 
     </span>
    </p>
   </div>
   <div class='ocr_carea' id='block_1_5' title="bbox 587 4039 1606 4350">
    <p class='ocr_par' dir='ltr' id='par_1_10' title="bbox 587 4039 1606 4350">
     <span class='ocr_line' id='line_1_32' title="bbox 624 4039 1606 4112; baseline 0.007 -23"><span class='ocrx_word' id='word_1_242' title='bbox 624 4055 635 4088; x_wconf 87' lang='lat' dir='ltr'>r</span> <span class='ocrx_word' id='word_1_243' title='bbox 652 4040 679 4091; x_wconf 93' lang='grc' dir='ltr'>Ρ.</span> <span class='ocrx_word' id='word_1_244' title='bbox 695 4041 756 4092; x_wconf 84' lang='lat' dir='ltr'>add.</span> <span class='ocrx_word' id='word_1_245' title='bbox 771 4067 804 4078; x_wconf 92' lang='lat'><em>-</em></span> <span class='ocrx_word' id='word_1_246' title='bbox 819 4058 833 4090; x_wconf 84' lang='lat'><em>2</em></span> <span class='ocrx_word' id='word_1_247' title='bbox 849 4041 874 4092; x_wconf 89' lang='lat' dir='ltr'>P.</span> <span class='ocrx_word' id='word_1_248' title='bbox 888 4039 1018 4093; x_wconf 80' lang='lat' dir='ltr'>Christiani</span> <span class='ocrx_word' id='word_1_249' title='bbox 1033 4057 1099 4092; x_wconf 82' lang='lat' dir='ltr'>vero.</span> <span class='ocrx_word' id='word_1_250' title='bbox 1120 4069 1153 4080; x_wconf 88' lang='lat'><em>-</em></span> <span class='ocrx_word' id='word_1_251' title='bbox 1175 4059 1187 4105; x_wconf 77' lang='lat'>3</span> <span class='ocrx_word' id='word_1_252' title='bbox 1202 4043 1227 4094; x_wconf 92' lang='grc' dir='ltr'>Ρ.</span> <span class='ocrx_word' id='word_1_253' title='bbox 1241 4042 1488 4112; x_wconf 69' lang='grc' dir='ltr'>Τηιιίωίςτιιίοῃίι</span> <span class='ocrx_word' id='word_1_254' title='bbox 1503 4071 1533 4084; x_wconf 92' lang='grc'>-</span> <span class='ocrx_word' id='word_1_255' title='bbox 1549 4061 1567 4106; x_wconf 83' lang='lat'>4</span> <span class='ocrx_word' id='word_1_256' title='bbox 1580 4045 1606 4096; x_wconf 83' lang='lat' dir='ltr'>P.</span> 
     </span>
     <span class='ocr_line' id='line_1_33' title="bbox 588 4119 1606 4186; baseline 0.002 -12"><span class='ocrx_word' id='word_1_257' title='bbox 588 4121 700 4174; x_wconf 83' lang='lat' dir='ltr'>inimicis.</span> <span class='ocrx_word' id='word_1_258' title='bbox 713 4149 748 4159; x_wconf 93' lang='lat'>-·</span> <span class='ocrx_word' id='word_1_259' title='bbox 761 4137 774 4186; x_wconf 78' lang='grc' dir='ltr'><strong>ς</strong></span> <span class='ocrx_word' id='word_1_260' title='bbox 788 4121 813 4170; x_wconf 94' lang='grc' dir='ltr'>Ρ.</span> <span class='ocrx_word' id='word_1_261' title='bbox 824 4119 891 4171; x_wconf 85' lang='lat' dir='ltr'>fecit.</span> <span class='ocrx_word' id='word_1_262' title='bbox 905 4149 940 4160; x_wconf 87' lang='lat'>--</span> <span class='ocrx_word' id='word_1_263' title='bbox 952 4124 967 4171; x_wconf 86' lang='lat'>6</span> <span class='ocrx_word' id='word_1_264' title='bbox 981 4121 1006 4172; x_wconf 87' lang='lat' dir='ltr'>P.</span> <span class='ocrx_word' id='word_1_265' title='bbox 1018 4121 1091 4174; x_wconf 87' lang='lat' dir='ltr'>clam.</span> <span class='ocrx_word' id='word_1_266' title='bbox 1103 4151 1138 4160; x_wconf 92' lang='lat'><em>-</em></span> <span class='ocrx_word' id='word_1_267' title='bbox 1152 4141 1166 4186; x_wconf 89' lang='lat'><strong>7</strong></span> <span class='ocrx_word' id='word_1_268' title='bbox 1177 4125 1203 4174; x_wconf 99' lang='grc' dir='ltr'>Ρ.</span> <span class='ocrx_word' id='word_1_269' title='bbox 1219 4135 1399 4176; x_wconf 73' lang='lat' dir='ltr'>cremamunr.</span> <span class='ocrx_word' id='word_1_270' title='bbox 1412 4153 1448 4162; x_wconf 89' lang='lat'>—</span> <span class='ocrx_word' id='word_1_271' title='bbox 1460 4129 1475 4175; x_wconf 87' lang='lat'><em>8</em></span> <span class='ocrx_word' id='word_1_272' title='bbox 1487 4124 1510 4174; x_wconf 85' lang='lat' dir='ltr'>P.</span> <span class='ocrx_word' id='word_1_273' title='bbox 1520 4139 1606 4176; x_wconf 67' lang='lat' dir='ltr'>om·-</span> 
     </span>
     <span class='ocr_line' id='line_1_34' title="bbox 588 4199 1606 4270; baseline 0.006 -20"><span class='ocrx_word' id='word_1_274' title='bbox 588 4217 602 4265; x_wconf 82' lang='lat'>9</span> <span class='ocrx_word' id='word_1_275' title='bbox 613 4199 638 4250; x_wconf 93' lang='grc' dir='ltr'>Ρ.</span> <span class='ocrx_word' id='word_1_276' title='bbox 649 4201 841 4253; x_wconf 86' lang='lat' dir='ltr'>combuxerunt.</span> <span class='ocrx_word' id='word_1_277' title='bbox 854 4229 889 4240; x_wconf 84' lang='lat'>—-</span> <span class='ocrx_word' id='word_1_278' title='bbox 907 4219 939 4253; x_wconf 88' lang='lat' dir='ltr'>ro</span> <span class='ocrx_word' id='word_1_279' title='bbox 948 4201 972 4252; x_wconf 92' lang='grc' dir='ltr'>Ρ.</span> <span class='ocrx_word' id='word_1_280' title='bbox 982 4217 1025 4252; x_wconf 78' lang='lat' dir='ltr'>aar.</span> <span class='ocrx_word' id='word_1_281' title='bbox 1034 4202 1085 4253; x_wconf 76' lang='lat' dir='ltr'>hec</span> <span class='ocrx_word' id='word_1_282' title='bbox 1097 4201 1178 4254; x_wconf 78' lang='lat' dir='ltr'>mia</span> <span class='ocrx_word' id='word_1_283' title='bbox 1189 4201 1263 4270; x_wconf 81' lang='lat' dir='ltr'>usque</span> <span class='ocrx_word' id='word_1_284' title='bbox 1279 4203 1318 4253; x_wconf 73' lang='lat'>132</span> <span class='ocrx_word' id='word_1_285' title='bbox 1327 4201 1375 4254; x_wconf 77' lang='lat' dir='ltr'>die</span> <span class='ocrx_word' id='word_1_286' title='bbox 1385 4229 1421 4242; x_wconf 89' lang='lat'>-··</span> <span class='ocrx_word' id='word_1_287' title='bbox 1436 4219 1464 4253; x_wconf 87' lang='lat' dir='ltr'>rr</span> <span class='ocrx_word' id='word_1_288' title='bbox 1479 4203 1506 4254; x_wconf 94' lang='grc' dir='ltr'>Ρ.</span> <span class='ocrx_word' id='word_1_289' title='bbox 1523 4203 1606 4256; x_wconf 86' lang='lat' dir='ltr'>Chris·</span> 
     </span>
     <span class='ocr_line' id='line_1_35' title="bbox 587 4277 1467 4350; baseline 0.006 -18"><span class='ocrx_word' id='word_1_290' title='bbox 587 4277 647 4332; x_wconf 83' lang='lat' dir='ltr'>tiani</span> <span class='ocrx_word' id='word_1_291' title='bbox 661 4277 739 4332; x_wconf 82' lang='lat' dir='ltr'>multi.</span> <span class='ocrx_word' id='word_1_292' title='bbox 756 4309 789 4318; x_wconf 86' lang='lat'>—</span> <span class='ocrx_word' id='word_1_293' title='bbox 805 4297 834 4332; x_wconf 80' lang='lat' dir='ltr'>ra</span> <span class='ocrx_word' id='word_1_294' title='bbox 849 4281 876 4332; x_wconf 88' lang='grc' dir='ltr'>Ρ.</span> <span class='ocrx_word' id='word_1_295' title='bbox 892 4297 934 4334; x_wconf 78' lang='lat' dir='ltr'>ott.</span> <span class='ocrx_word' id='word_1_296' title='bbox 949 4279 1031 4334; x_wconf 76' lang='lat' dir='ltr'>omia</span> <span class='ocrx_word' id='word_1_297' title='bbox 1042 4281 1115 4350; x_wconf 61' lang='lat' dir='ltr'>idque</span> <span class='ocrx_word' id='word_1_298' title='bbox 1131 4281 1247 4335; x_wconf 86' lang='lat' dir='ltr'>miserunt</span> <span class='ocrx_word' id='word_1_299' title='bbox 1262 4281 1295 4334; x_wconf 77' lang='lat' dir='ltr'>sd</span> <span class='ocrx_word' id='word_1_300' title='bbox 1306 4281 1467 4336; x_wconf 77' lang='lat' dir='ltr'>Christianos.</span> 
     </span>
    </p>
   </div>
   <div class='ocr_carea' id='block_1_6' title="bbox 0 0 1863 5626">
    <p class='ocr_par' dir='ltr' id='par_1_11' title="bbox 0 0 1863 5626">
     <span class='ocr_line' id='line_1_36' title="bbox 0 0 1863 5626; baseline 0 0"><span class='ocrx_word' id='word_1_301' title='bbox 0 0 1863 5626; x_wconf 95' lang='lat' dir='ltr'> </span> 
     </span>
    </p>
   </div>
  </div>
 </body>
</html>
