3688 5640
584 541 625 590 ro
990 521 1206 586 ommonem

574 755 609 822 δι
626 775 723 847 pena,
750 751 826 844 quia
852 749 884 818 in
902 744 1069 838 divisione,
1100 745 1197 842 culpa
1219 747 1253 816 in
1278 741 1433 816 divisione
1455 741 1602 838 parcium

574 857 681 955 pomi,
700 881 786 952 pena
802 856 835 925 in
854 851 1012 926 divisone
1028 853 1176 948 corporis
1193 854 1228 922 ἀ
1248 853 1366 922 anime.

624 967 720 1034 stern:
748 963 818 1058 Qui
835 961 981 1033 comedit
1001 987 1070 1032 rem
1090 959 1302 1049 venenosam,
1327 957 1413 1028 mori
1434 953 1542 1040 debet,
1567 957 1602 1025 δι

575 1067 685 1140 Adam
702 1073 736 1140 ὅ(
760 1068 821 1141 Eva
839 1067 1055 1139 comederunt
1074 1091 1215 1164 pomum
1230 1065 1275 1135 eis
1292 1063 1504 1153 venenosum,
1525 1061 1601 1158 quia

574 1199 689 1246 contra
707 1177 771 1246 Dei
787 1199 990 1272 preceptum,
1009 1198 1090 1271 ergo
1107 1168 1234 1244 necesse
1252 1171 1324 1260 fuit,
1343 1195 1400 1241 eos
1419 1171 1512 1241 mori.

625 1285 720 1352 stem:
735 1285 768 1351 sn
783 1279 940 1352 divisione
952 1281 1047 1376 pomi
1058 1277 1238 1350 habuerunt
1252 1275 1360 1348 Adam
1372 1277 1407 1346 δι
1418 1274 1481 1348 Eva
1494 1273 1599 1346 desec-

574 1387 750 1476 tacionem,
774 1385 815 1456 fic
832 1386 1027 1457 econtrario
1044 1387 1078 1454 in
1103 1381 1258 1456 divisione
1275 1384 1422 1477 corporis
1439 1384 1474 1452 ἃ
1491 1383 1598 1453 anime

573 1490 738 1564 habebant
755 1489 1006 1562 amaritudinem
1022 1495 1057 1563 dt
1074 1517 1188 1562 eorum
1206 1491 1358 1586 sequaces
1374 1486 1523 1558 fimiliter.

627 1605 723 1669 stem:
741 1600 828 1670 Sicut
842 1599 905 1670 Eva
919 1597 1043 1669 seduxit
1055 1595 1175 1688 Adam,
1188 1598 1232 1667 ita
1246 1593 1338 1690 quod
1350 1596 1506 1690 oportuit,
1523 1619 1599 1666 euru
1613 1606 1636 1651 Α
1647 1601 1665 1650 f·
1677 1615 1708 1664 59
1721 1601 1744 1659 b·
1755 1617 1774 1647 t·
1787 1615 1803 1646 ¹·

574 1706 670 1795 mori,
696 1702 738 1774 stc
763 1727 841 1774 caro
859 1701 983 1773 seducit
1008 1700 1208 1797 quandoque
1224 1701 1383 1796 spiritum,
1409 1703 1518 1798 itaque
1542 1727 1598 1772 ne·

573 1808 657 1883 cesse
674 1811 730 1902 est,
750 1837 825 1882 eum
845 1808 931 1905 quasi
948 1811 1044 1895 mori,
1061 1811 1138 1905 quia
1154 1821 1239 1879 erat¹
1258 1809 1292 1878 in
1309 1831 1416 1878 morte
1433 1830 1551 1881 eterna.

621 1923 715 1990 stem:
733 1921 821 1990 Sicut
834 1917 896 1990 Eva
912 1941 1052 2014 pomum
1065 1918 1202 1989 vetitum
1213 1917 1355 2013 porrexit
1368 1913 1452 2003 nde,
1466 1913 1509 1986 src
1523 1939 1598 1986 tato

575 2023 709 2115 diversa,
728 2051 791 2120 que
806 2026 879 2095 sunt
894 2027 1004 2113 vetita,
1022 2021 1117 2094 ossert
1133 2025 1250 2095 anime.
1269 2019 1439 2118 Quicquid
1453 2023 1541 2093 enirn
1554 2021 1598 2093 est

572 2131 709 2202 vetitum
728 2129 865 2218 homini,
894 2126 1036 2226 signatur
1053 2153 1111 2226 per
1127 2151 1268 2228 pontum
1292 2126 1474 2223 predistum
1489 2130 1525 2200 ἃ
1537 2153 1598 2224 per

573 2233 682 2307 Adam
701 2237 835 2334 spiritus,
855 2259 912 2331 per
928 2235 1025 2306 Evam
1042 2257 1128 2306 caro.

624 2347 715 2413 stem:
729 2345 817 2414 Sicut
830 2369 889 2440 per
902 2339 1013 2412 cibum
1025 2344 1129 2439 pomi,
1144 2341 1266 2412 sadum
1278 2365 1395 2412 contra
1407 2361 1599 2438 precepnun

574 2447 723 2534 Domini,
742 2449 872 2520 intravit
885 2473 984 2538 mors,
997 2450 1041 2518 ita
1054 2471 1112 2544 pet
1128 2446 1248 2538 cibum,
1265 2449 1322 2542 qui
1334 2448 1378 2518 est
1390 2471 1467 2517 caro
1481 2451 1516 2519 dt
1527 2448 1597 2518 san·

572 2555 644 2650 guis
657 2552 786 2643 Christi,
807 2557 930 2626 fusium
944 2581 984 2626 ex
995 2577 1151 2650 precepto
1164 2555 1314 2644 Domini,
1326 2555 1456 2626 intravit
1467 2555 1544 2643 vita,
1561 2555 1597 2624 dt

573 2658 720 2754 quotidie
742 2663 846 2732 intrat.
874 2660 1041 2752 lohannes,
1063 2679 1102 2731 vl
1120 2659 1211 2757 (33),
1231 2689 1250 2724 r:
1277 2663 1372 2731 Ponit
1392 2665 1467 2751 Dei,
1491 2663 1598 2754 quide

572 2769 637 2837 ceso
650 2771 803 2862 descendit
812 2771 843 2839 dr
853 2772 906 2838 dar
920 2775 1013 2838 viram
1026 2770 1145 2837 mundo.
1159 2799 1177 2830 u
1194 2767 1352 2838 Dixerunt
1364 2791 1444 2864 ergo
1454 2765 1497 2838 ad
1508 2788 1597 2858 eum,

574 2903 591 2936 r
604 2878 748 2961 Domine,
758 2879 880 2970 semper
895 2879 934 2944 da
951 2877 1038 2946 nobis
1050 2900 1158 2966 punem
1176 2880 1252 2945 sunt
1267 2907 1285 2939 u
1303 2871 1443 2972 (soann,
1457 2892 1508 2962 vl,
1523 2879 1595 2972 34).

572 2979 662 3049 Dixit
674 3003 783 3050 autem
797 2983 841 3050 eis
857 2980 971 3071 ihesus,
989 3009 1007 3042 α
1022 2985 1088 3074 Ego
1096 2984 1167 3075 sum
1176 2988 1271 3077 panis
1283 2986 1369 3052 uivus
1376 3012 1389 3063 ,·
1401 2989 1453 3074 qut'
1465 2989 1545 3053 venit
1557 2985 1598 3052 ud

571 3111 627 3174 me,
637 3111 694 3155 non
705 3089 824 3181 esuriet,
840 3088 1035 3179 sequicredt'r
1044 3093 1075 3157 t‘n
1084 3113 1140 3176 me,
1154 3113 1211 3158 non
1220 3093 1304 3184 firier
1313 3089 1393 3158 usrra
1401 3089 1597 3180 (soann.,v1,

573 3193 647 3288 35),
666 3191 698 3261 o
716 3199 760 3262 itu
778 3200 887 3282 omnis,
912 3197 964 3285 qut'
978 3197 1062 3264 uider
1073 3196 1179 3284 fissum
1195 3193 1226 3264 d·
1243 3197 1338 3264 credit
1361 3200 1391 3264 itt
1413 3222 1489 3282 eum,
1511 3198 1600 3266 sudet

569 3303 664 3366 viram
681 3323 810 3369 eternum
826 3329 844 3362 n
864 3303 1011 3393 (soann.,
1027 3319 1079 3387 v1,
1097 3303 1173 3396 40),
1190 3301 1225 3370 dt
1241 3299 1326 3370 insta
1342 3299 1463 3372 eodem
1479 3302 1596 3396 capite,

572 3433 590 3464 tt
606 3407 697 3500 ‘7⁴0⁸st
714 3409 965 3477 manducaveritis
981 3431 1097 3476 carnem
1106 3408 1176 3495 fissi
1193 3412 1325 3477 hominis
1339 3407 1370 3477 θ’
1382 3411 1520 3478 biberitis
1531 3411 1597 3477 eius

561 3509 757 3602 sanguinem,
784 3537 843 3582 non
870 3517 1016 3582 studebitis
1043 3517 1135 3584 vitum
1156 3517 1192 3582 'sn
1214 3517 1316 3593 vobim
1344 3541 1415 3586 turo
1440 3541 1504 3584 meu
1529 3541 1596 3586 vere

569 3621 609 3704 est
625 3619 720 3704 esbus,
739 3617 770 3687 se
778 3619 913 3711 sanguis
930 3645 1010 3688 meus
1028 3645 1095 3690 vere
1112 3625 1276 3715 estporus;
1290 3627 1344 3713 qut'
1358 3624 1515 3692 munducat
1530 3649 1595 3692 car·-

481 3743 482 3746 ’
569 3747 634 3790 nem
657 3747 752 3792 meam
771 3724 802 3792 θ’
820 3727 895 3794 bibit
916 3753 1010 3796 meum
1023 3729 1217 3820 sanguinem,
1243 3733 1274 3796 t'n
1298 3753 1344 3796 me
1364 3753 1471 3818 munet,
1490 3727 1522 3797 en
1538 3753 1595 3822 ego

569 3831 601 3896 in
618 3853 652 3895 eo
674 3857 692 3889 u
710 3829 857 3918 (loann.‚
877 3847 925 3922 vl,
945 3830 1079 3928 5456).
1099 3831 1169 3928 Qri
1181 3853 1291 3902 autem
1307 3833 1341 3902 in
1357 3833 1413 3905 isso
1426 3834 1481 3923 est,
1499 3835 1544 3905 est
1559 3836 1593 3906 in

569 3931 646 4002 sorti
663 3933 778 4020 castro,
798 3931 1016 4007 circumdatus
1033 3935 1178 4033 undique
1195 3961 1263 4008 tam
1284 3939 1360 4009 sorti
1377 3965 1484 4030 muro,
1502 3937 1594 4035 quod

568 4034 718 4109 diabolus
740 4038 782 4110 ad
804 4065 880 4111 eum
902 4067 971 4114 non
994 4043 1099 4139 potest
1123 4041 1243 4116 habere
1263 4043 1437 4138 accessum,
1458 4048 1497 4116 'dt
1516 4045 1593 4117 ideo

569 4139 649 4212 dicit
666 4143 824 4217 {ohannes
840 4149 873 4217 in
891 4147 1099 4246 Apocalypsi,
1122 4181 1141 4215 tr
1159 4155 1274 4242 Scribe,
1298 4158 1391 4224 Deurt'
1406 4159 1524 4242 mortui,
1541 4159 1594 4248 qui
1606 4165 1629 4210 Α
1640 4161 1657 4210 f.
1668 4169 1730 4232 59¹³,
1743 4182 1764 4212 ⁶·
1775 4177 1796 4212 ²·

605 4306 616 4342 u
631 4293 655 4342 A
669 4307 771 4363 quoque
786 4330 792 4344 .
805 4331 811 4346 .
824 4330 831 4344 .
846 4293 899 4348 erit.
