3688 5640
577 521 610 593 xl
980 535 1201 590 onmoATm.

570 753 687 844 summa
700 775 761 816 oum
776 752 919 836 diligentia
937 766 1081 836 exponunt,
1094 751 1185 815 mula
1207 751 1278 831 alo,
1292 771 1354 834 qua
1368 751 1404 814 ab
1425 749 1488 814 alis
1507 773 1603 813 eruce-

570 850 690 936 stgnaa's
703 849 808 934 egregie
817 851 895 935 gesta
900 848 982 938 sunt,
996 863 1029 912 ut
1040 849 1262 934 expugnationem
1277 848 1352 911 orcis
1364 847 1526 927 maritima,
1540 850 1604 910 bre·

579 949 655 1011 viter
678 961 913 1010 commemorantes
933 945 1041 1020 (Gesta
1064 943 1096 1008 P.
1115 948 1149 1009 [l
1172 945 1230 1024 M„
1256 945 1313 1008 lolo.
1336 945 1369 1006 de
1394 941 1508 1025 Tullio,
1533 943 1604 1008 Lib.

581 1041 720 1128 Duellij).
734 1043 791 1120 Alii
804 1066 872 1106 vero
882 1043 984 1122 elerici,
994 1065 1110 1124 quorum
1120 1038 1398 1126 principoslacobus
1410 1041 1448 1104 de
1462 1041 1604 1106 Vitsiaco

579 1143 613 1205 ὅ
628 1139 787 1205 Oliverius
808 1140 929 1203 vocandi
941 1139 1022 1230 sunt,
1040 1155 1092 1203 out
1107 1161 1169 1222 qua
1190 1137 1243 1222 ipfi
1265 1139 1400 1202 viderunt
1416 1141 1451 1202 {l
1460 1139 1606 1222 fecerunt,

581 1251 633 1300 eut
654 1260 717 1321 qua
736 1237 897 1320 populares
917 1239 1069 1323 gofferunt,
1093 1259 1176 1318 neque
1197 1251 1288 1298 tamen
1308 1237 1450 1315 antima,
1468 1236 1520 1299 vel
1537 1259 1606 1302 vere

581 1333 700 1412 habitas,
711 1333 854 1418 velfiltas,
864 1333 1019 1423 inserentes,
1030 1348 1082 1396 out
1091 1331 1237 1414 theologica
1247 1332 1370 1413 quadam
1382 1331 1542 1414 eloqumtie,
1556 1349 1608 1397 aut

581 1431 656 1492 nudo
669 1429 829 1515 acſsmplici
839 1431 900 1508 stilo
914 1429 964 1516 uſs,
978 1431 1114 1514 referum.

622 1527 750 1591 Alterius
763 1549 833 1590 vero
846 1528 949 1590 ordinis
955 1527 1135 1616 suntsmtes‚
1149 1527 1245 1610 quibus
1258 1547 1321 1610 qua
1335 1525 1470 1590 lohannes
1491 1549 1543 1590 rex
1559 1531 1611 1594 uel

584 1627 664 1690 duces
682 1625 759 1689 elcesi
769 1624 893 1688 dixerint
907 1628 941 1690 ὅ
956 1625 1101 1709 geffim'nt,
1119 1627 1238 1689 maxime
1257 1641 1458 1704 memorantur,
1471 1621 1608 1688 nonnullis

585 1722 691 1808 emistis,
706 1721 849 1810 velsalso
869 1723 962 1785 ordine
983 1723 1163 1806 chrmologioo
1180 1722 1319 1812 dispostas,
1333 1745 1396 1804 qua
1409 1723 1522 1786 aliunde
1535 1722 1608 1784 nobis

587 1821 765 1898 nuntiantur,
778 1821 875 1900 quibus
888 1834 980 1882 autem
991 1822 1118 1900 maxime,
1132 1842 1194 1902 qua
1203 1819 1309 1883 adrem
1318 1819 1467 1884 militarem
1470 1819 1609 1910 spettant,

586 1919 620 1982 ld
634 1918 662 1979 in
677 1909 774 1998 ca'stris
788 1915 900 2002 bostium
919 1917 1073 1979 deliberata
1093 1917 1234 2000 velsatlo
1240 1918 1320 2006 sunt,
1334 1932 1507 2003 exponuntur
1521 1913 1609 1991 (Era-

587 2011 661 2092 cles,
670 2011 789 2090 Ernoul
800 2011 906 2076 Recits
914 2013 955 2074 du
964 2011 1122 2076 minestrel
1135 2013 1172 2076 de
1184 2013 1308 2094 Reims).
1320 2011 1437 2078 Horum
1450 2015 1479 2076 in
1484 2015 1609 2098 smtium

589 2131 705 2173 numero
721 2110 860 2192 ponendus
884 2112 920 2196 ιβ
943 2123 1038 2189 rexne,
1059 2133 1136 2192 quem
1159 2109 1317 2193 Anonymus
1326 2111 1511 2196 provincialis
1531 2112 1609 2174 rede-

584 2205 658 2290 giffe
671 2205 795 2269 videtur.
809 2205 903 2268 Deiis
916 2229 994 2285 vero,
1009 2229 1070 2289 qua
1082 2209 1111 2267 in
1126 2207 1246 2268 omnibus
1259 2207 1322 2270 aliis
1335 2206 1466 2271 clormicis
1477 2205 1610 2290 &senti-

589 2305 639 2366 bus
652 2303 685 2365 de
699 2303 780 2364 rebus
794 2325 813 2366 a
826 2301 982 2388 christianis
994 2303 1023 2364 in
1036 2301 1144 2386 Quinto
1158 2303 1226 2366 lello
1231 2303 1320 2392 sacro
1329 2305 1418 2386 gestis,
1433 2305 1610 2387 referuntur,

588 2401 803 2492 insequentibus
817 2403 896 2467 huius
909 2403 1065 2468 collectionis
1085 2403 1277 2483 voluminibus,
1297 2419 1404 2487 quanto
1422 2404 1611 2488 diligentia&

588 2500 728 2586 industria
740 2498 873 2586 pofflmus,
887 2501 961 2564 nobis
975 2502 1110 2584 agendum
1124 2501 1185 2564 erit.

633 2691 762 2772 Connx,
773 2717 805 2756 ex
816 2714 866 2776 quo
875 2692 909 2754 P.
921 2691 1059 2776 Meyerus
1069 2691 1140 2756 hunc
1151 2705 1252 2755 textum
1258 2695 1416 2776 fragmmti
1418 2693 1612 2779 provincialis,

588 2788 687 2874 instgnr'
698 2790 824 2852 doetrina
837 2791 871 2852 [d
879 2790 975 2870 studio
992 2791 1122 2853 edendum
1141 2793 1264 2871 curavit,
1283 2793 1312 2854 in
1330 2793 1488 2856 bibliotheca
1501 2791 1613 2854 Arma-

590 2881 1214 2972 mentiParissenſss‚subn⁰5991efformatus,
1225 2903 1235 2936 ¹
1247 2887 1345 2971 primis
1342 2888 1446 2978 saculi
1451 2887 1489 2950 Χ
1485 2889 1504 2950 l
1507 2885 1539 2952 V
1534 2887 1614 2950 armis

581 2981 718 3072 scriptus,
728 2973 786 3062 sed
800 2981 922 3043 murium
940 2982 1063 3044 dentibus
1075 2983 1209 3046 nonnullis
1227 2984 1288 3047 locis
1301 2985 1426 3072 corrffus
1440 2986 1484 3070 ιβ.
1503 2981 1616 3069 Cmstot

591 3099 664 3141 nune
673 3091 794 3161 quatuor
800 3077 924 3160 plagulis
934 3079 963 3140 in
977 3079 1055 3143 binas
1066 3079 1205 3144 columnas
1215 3081 1318 3166 divfis,
1331 3103 1453 3163 quorum
1462 3079 1615 3166 inſsnguds
1670 3093 1675 3107 '

592 3173 636 3256 liij
653 3173 735 3237 linea
755 3174 872 3258 scm'ptae
885 3175 976 3264 sunt5
999 3176 1080 3238 codex
1103 3197 1171 3238 vero
1190 3176 1288 3261 plenus
1302 3177 1358 3264 sex
1373 3177 1505 3261 plagulas
1509 3175 1614 3265 saltem

592 3269 721 3358 loaluiffe
737 3271 861 3351 videtur,
875 3272 904 3334 in
919 3273 1015 3355 quibus
1026 3271 1134 3336 initium
1138 3273 1310 3356 fragmenti,
1322 3273 1402 3359 idest
1420 3271 1559 3360 inscriptio
1571 3274 1616 3350 ld,

592 3387 656 3448 qua
679 3366 862 3452 eruteſsgnati
881 3369 966 3457 usque
991 3371 1032 3432 ad
1052 3369 1235 3451 februarium
1260 3367 1443 3432 MOCXIX
1464 3369 1616 3454 gofferunt,

593 3463 812 3528 continebantur.
838 3464 952 3527 Prater
965 3465 1166 3548 sragmmtum
1191 3489 1269 3545 aero,
1299 3464 1436 3550 Epistola
1453 3465 1529 3553 satis
1551 3477 1616 3528 nota

594 3557 740 3626 Iohannis
766 3559 932 3646 Prelbyteri
948 3560 1008 3650 sed
1037 3562 1179 3642 mutilata,
1208 3561 1325 3626 Fabula
1350 3561 1426 3625 Peiri
1452 3561 1615 3625 cardinalis

594 3657 784 3722 Unaciutatn
806 3661 840 3722 ὅ
865 3657 1032 3742 Catalogus
1052 3659 1265 3742 episcoporum
1295 3660 1377 3723 orbis
1402 3674 1559 3738 terrarum,
1586 3659 1615 3720 in

594 3753 683 3818 codice
696 3755 786 3840 ιιιβνι
797 3753 938 3836 leguntur.

632 4055 643 4088 1
661 4037 729 4091 Cod.
743 4037 822 4104 latim,
834 4051 863 4090 no
873 4055 949 4106 5991,
959 4037 1029 4090 euius
1042 4037 1078 4091 vi·
1135 4035 1532 4103 Biblini-delluoledesclarten
1542 4043 1617 4102 1877,

594 4115 654 4170 dens
677 4131 819 4170 meatuum
840 4116 1029 4188 descriptionem
1053 4117 1078 4170 in
1137 4135 1162 4188 p.
1173 4123 1297 4186 498·500,
1314 4137 1371 4186 505.
