<?xml version="1.0" encoding="UTF-8"?>
<!DOCTYPE html PUBLIC "-//W3C//DTD XHTML 1.0 Transitional//EN"
    "http://www.w3.org/TR/xhtml1/DTD/xhtml1-transitional.dtd">
<html xmlns="http://www.w3.org/1999/xhtml" xml:lang="en" lang="en">
 <head>
  <title>
</title>
<meta http-equiv="Content-Type" content="text/html;charset=utf-8" />
  <meta name='ocr-system' content='tesseract 3.04.00' />
  <meta name='ocr-capabilities' content='ocr_page ocr_carea ocr_par ocr_line ocrx_word'/>
</head>
<body>
  <div class='ocr_page' id='page_1' title='image "./quintibellisacr00rhgoog_0161.png"; bbox 0 0 3694 5626; ppageno 0'>
   <div class='ocr_carea' id='block_1_1' title="bbox 584 499 1148 558">
    <p class='ocr_par' dir='ltr' id='par_1_1' title="bbox 584 499 1148 558">
     <span class='ocr_line' id='line_1_1' title="bbox 584 499 1148 558; baseline -0.011 0"><span class='ocrx_word' id='word_1_1' title='bbox 584 504 648 558; x_wconf 91' lang='lat'>102</span> <span class='ocrx_word' id='word_1_2' title='bbox 1021 499 1148 552; x_wconf 83' lang='lat' dir='ltr'>GESTA</span> 
     </span>
    </p>
   </div>
   <div class='ocr_carea' id='block_1_2' title="bbox 504 718 1598 2624">
    <p class='ocr_par' dir='ltr' id='par_1_2' title="bbox 504 718 1598 2624">
     <span class='ocr_line' id='line_1_2' title="bbox 504 718 1598 806; baseline -0.002 -14"><span class='ocrx_word' id='word_1_3' title='bbox 504 745 666 806; x_wconf 78' lang='lat' dir='ltr'>1219extra</span> <span class='ocrx_word' id='word_1_4' title='bbox 681 721 781 792; x_wconf 88' lang='lat' dir='ltr'>castra</span> <span class='ocrx_word' id='word_1_5' title='bbox 806 746 882 792; x_wconf 84' lang='lat' dir='ltr'>cunr</span> <span class='ocrx_word' id='word_1_6' title='bbox 905 722 998 792; x_wconf 90' lang='lat' dir='ltr'>omni</span> <span class='ocrx_word' id='word_1_7' title='bbox 1016 721 1155 792; x_wconf 82' lang='lat' dir='ltr'>exercitu</span> <span class='ocrx_word' id='word_1_8' title='bbox 1178 718 1436 790; x_wconf 87' lang='lat' dir='ltr'>Christianorum</span> <span class='ocrx_word' id='word_1_9' title='bbox 1453 719 1598 790; x_wconf 80' lang='lat' dir='ltr'>exierunt</span> 
     </span>
     <span class='ocr_line' id='line_1_3' title="bbox 576 827 1596 924; baseline -0.002 -25"><span class='ocrx_word' id='word_1_10' title='bbox 576 830 610 899; x_wconf 82' lang='grc' dir='ltr'>δι</span> <span class='ocrx_word' id='word_1_11' title='bbox 627 828 732 900; x_wconf 89' lang='lat' dir='ltr'>versus</span> <span class='ocrx_word' id='word_1_12' title='bbox 756 827 930 923; x_wconf 89' lang='lat' dir='ltr'>temptoria</span> <span class='ocrx_word' id='word_1_13' title='bbox 948 827 1152 924; x_wconf 86' lang='lat' dir='ltr'>Paganorum</span> <span class='ocrx_word' id='word_1_14' title='bbox 1175 829 1364 899; x_wconf 88' lang='lat' dir='ltr'>catervatim</span> <span class='ocrx_word' id='word_1_15' title='bbox 1380 847 1596 924; x_wconf 85' lang='lat' dir='ltr'>perrexerunt.</span> 
     </span>
     <span class='ocr_line' id='line_1_4' title="bbox 576 931 1597 1032; baseline -0.004 -26"><span class='ocrx_word' id='word_1_16' title='bbox 576 933 642 1006; x_wconf 93' lang='lat' dir='ltr'>Illic</span> <span class='ocrx_word' id='word_1_17' title='bbox 658 933 819 1032; x_wconf 86' lang='lat' dir='ltr'>malignus</span> <span class='ocrx_word' id='word_1_18' title='bbox 844 933 970 1030; x_wconf 87' lang='lat' dir='ltr'>spiritus</span> <span class='ocrx_word' id='word_1_19' title='bbox 995 935 1029 1003; x_wconf 92' lang='lat' dir='ltr'>in</span> <span class='ocrx_word' id='word_1_20' title='bbox 1047 933 1256 1029; x_wconf 87' lang='lat' dir='ltr'>popularium</span> <span class='ocrx_word' id='word_1_21' title='bbox 1280 931 1381 1003; x_wconf 89' lang='lat' dir='ltr'>corda</span> <span class='ocrx_word' id='word_1_22' title='bbox 1397 933 1541 1019; x_wconf 88' lang='lat' dir='ltr'>intravit,</span> <span class='ocrx_word' id='word_1_23' title='bbox 1561 934 1597 1002; x_wconf 90' lang='lat'>&amp;</span> 
     </span>
     <span class='ocr_line' id='line_1_5' title="bbox 573 1035 1595 1137; baseline -0.002 -27"><span class='ocrx_word' id='word_1_24' title='bbox 573 1039 679 1110; x_wconf 88' lang='lat' dir='ltr'>statim</span> <span class='ocrx_word' id='word_1_25' title='bbox 702 1063 788 1110; x_wconf 86' lang='lat' dir='ltr'>retro</span> <span class='ocrx_word' id='word_1_26' title='bbox 812 1039 926 1137; x_wconf 87' lang='lat' dir='ltr'>fugam</span> <span class='ocrx_word' id='word_1_27' title='bbox 951 1039 1097 1111; x_wconf 89' lang='lat' dir='ltr'>fecerunt</span> <span class='ocrx_word' id='word_1_28' title='bbox 1121 1064 1190 1110; x_wconf 95' lang='lat' dir='ltr'>non</span> <span class='ocrx_word' id='word_1_29' title='bbox 1213 1035 1351 1136; x_wconf 79' lang='lat' dir='ltr'>impulsi,</span> <span class='ocrx_word' id='word_1_30' title='bbox 1381 1062 1442 1108; x_wconf 92' lang='lat' dir='ltr'>nec</span> <span class='ocrx_word' id='word_1_31' title='bbox 1462 1038 1595 1136; x_wconf 87' lang='lat' dir='ltr'>percusfi</span> 
     </span>
     <span class='ocr_line' id='line_1_6' title="bbox 573 1143 1594 1242; baseline 0 -26"><span class='ocrx_word' id='word_1_32' title='bbox 573 1145 688 1242; x_wconf 88' lang='lat' dir='ltr'>preli0‚</span> <span class='ocrx_word' id='word_1_33' title='bbox 702 1170 810 1240; x_wconf 90' lang='lat' dir='ltr'>neque</span> <span class='ocrx_word' id='word_1_34' title='bbox 818 1144 931 1242; x_wconf 86' lang='lat' dir='ltr'>gladio</span> <span class='ocrx_word' id='word_1_35' title='bbox 940 1147 1158 1237; x_wconf 89' lang='lat' dir='ltr'>inimicorum,</span> <span class='ocrx_word' id='word_1_36' title='bbox 1171 1143 1226 1216; x_wconf 90' lang='lat' dir='ltr'>sed</span> <span class='ocrx_word' id='word_1_37' title='bbox 1236 1170 1294 1241; x_wconf 91' lang='lat' dir='ltr'>per</span> <span class='ocrx_word' id='word_1_38' title='bbox 1303 1167 1439 1240; x_wconf 90' lang='lat' dir='ltr'>peccata</span> <span class='ocrx_word' id='word_1_39' title='bbox 1459 1157 1469 1190; x_wconf 90' lang='lat'><em>¹</em></span> <span class='ocrx_word' id='word_1_40' title='bbox 1489 1144 1594 1216; x_wconf 87' lang='lat' dir='ltr'>horni-</span> 
     </span>
     <span class='ocr_line' id='line_1_7' title="bbox 574 1249 1593 1349; baseline -0.002 -25"><span class='ocrx_word' id='word_1_41' title='bbox 574 1277 654 1324; x_wconf 87' lang='lat' dir='ltr'>nunr</span> <span class='ocrx_word' id='word_1_42' title='bbox 670 1276 756 1324; x_wconf 89' lang='lat' dir='ltr'>retro</span> <span class='ocrx_word' id='word_1_43' title='bbox 773 1251 924 1349; x_wconf 85' lang='lat' dir='ltr'>fugerunt</span> <span class='ocrx_word' id='word_1_44' title='bbox 936 1254 981 1342; x_wconf 70' lang='grc' dir='ltr'>δι,</span> <span class='ocrx_word' id='word_1_45' title='bbox 995 1255 1070 1348; x_wconf 88' lang='lat' dir='ltr'>quia</span> <span class='ocrx_word' id='word_1_46' title='bbox 1079 1255 1218 1324; x_wconf 63' lang='lat' dir='ltr'>reflores</span> <span class='ocrx_word' id='word_1_47' title='bbox 1231 1249 1391 1342; x_wconf 89' lang='lat' dir='ltr'>viderunt,</span> <span class='ocrx_word' id='word_1_48' title='bbox 1405 1250 1517 1349; x_wconf 86' lang='lat' dir='ltr'>fugere</span> <span class='ocrx_word' id='word_1_49' title='bbox 1526 1277 1593 1340; x_wconf 89' lang='lat' dir='ltr'>eos,</span> 
     </span>
     <span class='ocr_line' id='line_1_8' title="bbox 573 1354 1593 1454; baseline 0 -26"><span class='ocrx_word' id='word_1_50' title='bbox 573 1355 754 1428; x_wconf 85' lang='lat' dir='ltr'>habuerunt</span> <span class='ocrx_word' id='word_1_51' title='bbox 771 1354 939 1428; x_wconf 78' lang='lat' dir='ltr'>confilium</span> <span class='ocrx_word' id='word_1_52' title='bbox 955 1355 1144 1430; x_wconf 87' lang='lat' dir='ltr'>revertendi.</span> <span class='ocrx_word' id='word_1_53' title='bbox 1161 1359 1288 1429; x_wconf 87' lang='lat' dir='ltr'>Tamen</span> <span class='ocrx_word' id='word_1_54' title='bbox 1302 1381 1436 1454; x_wconf 89' lang='lat' dir='ltr'>propter</span> <span class='ocrx_word' id='word_1_55' title='bbox 1454 1358 1593 1428; x_wconf 83' lang='lat' dir='ltr'>anxieta-</span> 
     </span>
     <span class='ocr_line' id='line_1_9' title="bbox 573 1461 1594 1554; baseline 0.002 -20"><span class='ocrx_word' id='word_1_56' title='bbox 573 1487 641 1534; x_wconf 86' lang='lat' dir='ltr'>tem</span> <span class='ocrx_word' id='word_1_57' title='bbox 658 1464 803 1534; x_wconf 91' lang='lat' dir='ltr'>fecerunt</span> <span class='ocrx_word' id='word_1_58' title='bbox 819 1489 919 1534; x_wconf 88' lang='lat' dir='ltr'>unam</span> <span class='ocrx_word' id='word_1_59' title='bbox 934 1463 1078 1536; x_wconf 88' lang='lat' dir='ltr'>scheram</span> <span class='ocrx_word' id='word_1_60' title='bbox 1094 1466 1181 1536; x_wconf 83' lang='lat' dir='ltr'>iuna</span> <span class='ocrx_word' id='word_1_61' title='bbox 1193 1461 1327 1554; x_wconf 86' lang='lat' dir='ltr'>flumen,</span> <span class='ocrx_word' id='word_1_62' title='bbox 1346 1487 1382 1534; x_wconf 93' lang='lat' dir='ltr'>ut</span> <span class='ocrx_word' id='word_1_63' title='bbox 1393 1463 1543 1534; x_wconf 86' lang='lat' dir='ltr'>homines</span> <span class='ocrx_word' id='word_1_64' title='bbox 1558 1467 1594 1536; x_wconf 80' lang='lat' dir='ltr'>dt</span> 
     </span>
     <span class='ocr_line' id='line_1_10' title="bbox 572 1566 1592 1666; baseline 0.002 -27"><span class='ocrx_word' id='word_1_65' title='bbox 572 1571 717 1642; x_wconf 86' lang='lat' dir='ltr'>iumenta</span> <span class='ocrx_word' id='word_1_66' title='bbox 743 1567 898 1642; x_wconf 88' lang='lat' dir='ltr'>biberent.</span> <span class='ocrx_word' id='word_1_67' title='bbox 928 1570 992 1643; x_wconf 89' lang='lat' dir='ltr'>Sed</span> <span class='ocrx_word' id='word_1_68' title='bbox 1022 1570 1156 1666; x_wconf 90' lang='lat' dir='ltr'>quidam</span> <span class='ocrx_word' id='word_1_69' title='bbox 1183 1569 1342 1666; x_wconf 87' lang='lat' dir='ltr'>spavandi</span> <span class='ocrx_word' id='word_1_70' title='bbox 1370 1569 1412 1641; x_wconf 92' lang='lat' dir='ltr'>de</span> <span class='ocrx_word' id='word_1_71' title='bbox 1441 1566 1592 1641; x_wconf 89' lang='lat' dir='ltr'>omnibus</span> 
     </span>
     <span class='ocr_line' id='line_1_11' title="bbox 572 1673 1591 1774; baseline 0 -27"><span class='ocrx_word' id='word_1_72' title='bbox 572 1673 744 1774; x_wconf 88' lang='lat' dir='ltr'>generibus</span> <span class='ocrx_word' id='word_1_73' title='bbox 756 1700 912 1772; x_wconf 88' lang='lat' dir='ltr'>ceperunt</span> <span class='ocrx_word' id='word_1_74' title='bbox 920 1677 1043 1773; x_wconf 85' lang='lat' dir='ltr'>fugere,</span> <span class='ocrx_word' id='word_1_75' title='bbox 1056 1677 1222 1748; x_wconf 89' lang='lat' dir='ltr'>Sarraceni</span> <span class='ocrx_word' id='word_1_76' title='bbox 1233 1676 1347 1746; x_wconf 84' lang='lat' dir='ltr'>fortius</span> <span class='ocrx_word' id='word_1_77' title='bbox 1356 1699 1512 1772; x_wconf 87' lang='lat' dir='ltr'>ceperunt</span> <span class='ocrx_word' id='word_1_78' title='bbox 1519 1699 1591 1771; x_wconf 93' lang='lat' dir='ltr'>pre·</span> 
     </span>
     <span class='ocr_line' id='line_1_12' title="bbox 571 1779 1593 1880; baseline -0.001 -26"><span class='ocrx_word' id='word_1_79' title='bbox 571 1783 653 1874; x_wconf 85' lang='lat' dir='ltr'>liati,</span> <span class='ocrx_word' id='word_1_80' title='bbox 670 1781 745 1877; x_wconf 90' lang='lat' dir='ltr'>quia</span> <span class='ocrx_word' id='word_1_81' title='bbox 762 1779 918 1854; x_wconf 91' lang='lat' dir='ltr'>videbant</span> <span class='ocrx_word' id='word_1_82' title='bbox 934 1779 1024 1880; x_wconf 80' lang='lat' dir='ltr'>polle</span> <span class='ocrx_word' id='word_1_83' title='bbox 1042 1783 1194 1880; x_wconf 88' lang='lat' dir='ltr'>superari,</span> <span class='ocrx_word' id='word_1_84' title='bbox 1213 1780 1268 1852; x_wconf 92' lang='lat' dir='ltr'>sed</span> <span class='ocrx_word' id='word_1_85' title='bbox 1284 1782 1423 1852; x_wconf 86' lang='lat' dir='ltr'>Romani</span> <span class='ocrx_word' id='word_1_86' title='bbox 1438 1784 1474 1853; x_wconf 82' lang='grc' dir='ltr'>δι</span> <span class='ocrx_word' id='word_1_87' title='bbox 1491 1782 1593 1853; x_wconf 87' lang='lat' dir='ltr'>Latini</span> 
     </span>
     <span class='ocr_line' id='line_1_13' title="bbox 571 1885 1590 1986; baseline -0.002 -26"><span class='ocrx_word' id='word_1_88' title='bbox 571 1889 605 1960; x_wconf 96' lang='lat' dir='ltr'>in</span> <span class='ocrx_word' id='word_1_89' title='bbox 622 1885 730 1959; x_wconf 88' lang='lat' dir='ltr'>media</span> <span class='ocrx_word' id='word_1_90' title='bbox 745 1888 815 1960; x_wconf 88' lang='lat' dir='ltr'>acie</span> <span class='ocrx_word' id='word_1_91' title='bbox 830 1890 1080 1960; x_wconf 88' lang='lat' dir='ltr'>Sarracenorum</span> <span class='ocrx_word' id='word_1_92' title='bbox 1093 1889 1265 1960; x_wconf 71' lang='lat' dir='ltr'>construdli</span> <span class='ocrx_word' id='word_1_93' title='bbox 1282 1885 1459 1959; x_wconf 76' lang='lat' dir='ltr'>terribiliter</span> <span class='ocrx_word' id='word_1_94' title='bbox 1471 1885 1590 1986; x_wconf 89' lang='lat' dir='ltr'>[erant]</span> 
     </span>
     <span class='ocr_line' id='line_1_14' title="bbox 571 1991 1590 2092; baseline 0.002 -28"><span class='ocrx_word' id='word_1_95' title='bbox 571 1994 806 2092; x_wconf 88' lang='lat' dir='ltr'>oppugnati&amp;</span> <span class='ocrx_word' id='word_1_96' title='bbox 822 1995 937 2067; x_wconf 87' lang='lat' dir='ltr'>virtute</span> <span class='ocrx_word' id='word_1_97' title='bbox 958 1991 1156 2066; x_wconf 84' lang='lat' dir='ltr'>debellantes</span> <span class='ocrx_word' id='word_1_98' title='bbox 1172 1993 1293 2066; x_wconf 88' lang='lat' dir='ltr'>tnultos</span> <span class='ocrx_word' id='word_1_99' title='bbox 1309 1995 1510 2065; x_wconf 85' lang='lat' dir='ltr'>Sarracenos.</span> <span class='ocrx_word' id='word_1_100' title='bbox 1528 1993 1590 2066; x_wconf 87' lang='lat' dir='ltr'>Sed</span> 
     </span>
     <span class='ocr_line' id='line_1_15' title="bbox 570 2097 1592 2196; baseline -0.002 -24"><span class='ocrx_word' id='word_1_101' title='bbox 570 2101 701 2172; x_wconf 71' lang='lat' dir='ltr'>sanstus</span> <span class='ocrx_word' id='word_1_102' title='bbox 719 2098 875 2171; x_wconf 89' lang='lat' dir='ltr'>lohannes</span> <span class='ocrx_word' id='word_1_103' title='bbox 892 2101 996 2172; x_wconf 87' lang='lat' dir='ltr'>voluit</span> <span class='ocrx_word' id='word_1_104' title='bbox 1011 2099 1129 2172; x_wconf 90' lang='lat' dir='ltr'>habere</span> <span class='ocrx_word' id='word_1_105' title='bbox 1146 2101 1266 2172; x_wconf 89' lang='lat' dir='ltr'>multos</span> <span class='ocrx_word' id='word_1_106' title='bbox 1278 2101 1394 2191; x_wconf 89' lang='lat' dir='ltr'>socios,</span> <span class='ocrx_word' id='word_1_107' title='bbox 1412 2101 1499 2196; x_wconf 84' lang='lat' dir='ltr'>quia,</span> <span class='ocrx_word' id='word_1_108' title='bbox 1513 2097 1592 2171; x_wconf 81' lang='lat' dir='ltr'>sicut</span> 
     </span>
     <span class='ocr_line' id='line_1_16' title="bbox 569 2203 1591 2304; baseline 0.003 -27"><span class='ocrx_word' id='word_1_109' title='bbox 569 2205 623 2277; x_wconf 90' lang='lat' dir='ltr'>ille</span> <span class='ocrx_word' id='word_1_110' title='bbox 648 2206 708 2277; x_wconf 88' lang='lat' dir='ltr'>fuit</span> <span class='ocrx_word' id='word_1_111' title='bbox 733 2203 934 2302; x_wconf 82' lang='lat' dir='ltr'>decapitatus</span> <span class='ocrx_word' id='word_1_112' title='bbox 958 2231 1092 2304; x_wconf 91' lang='lat' dir='ltr'>propter</span> <span class='ocrx_word' id='word_1_113' title='bbox 1110 2209 1230 2300; x_wconf 86' lang='lat' dir='ltr'>Deum,</span> <span class='ocrx_word' id='word_1_114' title='bbox 1258 2209 1304 2278; x_wconf 89' lang='lat' dir='ltr'>ita</span> <span class='ocrx_word' id='word_1_115' title='bbox 1328 2205 1503 2304; x_wconf 83' lang='lat' dir='ltr'>decapitari</span> <span class='ocrx_word' id='word_1_116' title='bbox 1519 2207 1591 2280; x_wconf 88' lang='lat' dir='ltr'>lunt</span> 
     </span>
     <span class='ocr_line' id='line_1_17' title="bbox 569 2308 1590 2410; baseline 0.003 -29"><span class='ocrx_word' id='word_1_117' title='bbox 569 2308 634 2384; x_wconf 83' lang='lat' dir='ltr'>stne</span> <span class='ocrx_word' id='word_1_118' title='bbox 660 2337 797 2382; x_wconf 89' lang='lat' dir='ltr'>numero</span> <span class='ocrx_word' id='word_1_119' title='bbox 823 2310 865 2383; x_wconf 90' lang='lat' dir='ltr'>de</span> <span class='ocrx_word' id='word_1_120' title='bbox 889 2311 1087 2405; x_wconf 87' lang='lat' dir='ltr'>Christianis,</span> <span class='ocrx_word' id='word_1_121' title='bbox 1112 2311 1154 2384; x_wconf 88' lang='lat' dir='ltr'>de</span> <span class='ocrx_word' id='word_1_122' title='bbox 1170 2311 1374 2410; x_wconf 88' lang='lat' dir='ltr'>templariisl</span> <span class='ocrx_word' id='word_1_123' title='bbox 1398 2311 1525 2404; x_wconf 83' lang='lat' dir='ltr'>milites,</span> <span class='ocrx_word' id='word_1_124' title='bbox 1549 2311 1590 2384; x_wconf 91' lang='lat' dir='ltr'>de</span> 
     </span>
     <span class='ocr_line' id='line_1_18' title="bbox 569 2407 1589 2515; baseline 0 -25"><span class='ocrx_word' id='word_1_125' title='bbox 569 2418 760 2490; x_wconf 79' lang='lat' dir='ltr'>Alamannis</span> <span class='ocrx_word' id='word_1_126' title='bbox 792 2442 864 2506; x_wconf 78' lang='lat' dir='ltr'>m,</span> <span class='ocrx_word' id='word_1_127' title='bbox 900 2417 942 2490; x_wconf 88' lang='lat' dir='ltr'>de</span> <span class='ocrx_word' id='word_1_128' title='bbox 970 2407 1196 2515; x_wconf 79' lang='lat' dir='ltr'>hospitalariis</span> <span class='ocrx_word' id='word_1_129' title='bbox 1210 2421 1294 2508; x_wconf 85' lang='lat' dir='ltr'>xxxij</span> <span class='ocrx_word' id='word_1_130' title='bbox 1329 2422 1364 2490; x_wconf 76' lang='grc' dir='ltr'>ἃ</span> <span class='ocrx_word' id='word_1_131' title='bbox 1397 2422 1589 2492; x_wconf 84' lang='lat' dir='ltr'>camerarius</span> 
     </span>
     <span class='ocr_line' id='line_1_19' title="bbox 568 2522 1589 2624; baseline 0.003 -28"><span class='ocrx_word' id='word_1_132' title='bbox 568 2525 652 2623; x_wconf 89' lang='lat' dir='ltr'>regis</span> <span class='ocrx_word' id='word_1_133' title='bbox 670 2527 797 2598; x_wconf 77' lang='lat' dir='ltr'>francie</span> <span class='ocrx_word' id='word_1_134' title='bbox 813 2529 849 2597; x_wconf 76' lang='grc' dir='ltr'>ἀ</span> <span class='ocrx_word' id='word_1_135' title='bbox 864 2525 947 2598; x_wconf 87' lang='lat' dir='ltr'>lilius</span> <span class='ocrx_word' id='word_1_136' title='bbox 959 2525 1037 2616; x_wconf 88' lang='lat' dir='ltr'>eius,</span> <span class='ocrx_word' id='word_1_137' title='bbox 1054 2526 1226 2624; x_wconf 83' lang='lat' dir='ltr'>episcopus</span> <span class='ocrx_word' id='word_1_138' title='bbox 1243 2522 1285 2596; x_wconf 93' lang='lat' dir='ltr'>de</span> <span class='ocrx_word' id='word_1_139' title='bbox 1296 2525 1426 2598; x_wconf 89' lang='lat' dir='ltr'>Belvaio</span> <span class='ocrx_word' id='word_1_140' title='bbox 1443 2528 1478 2597; x_wconf 76' lang='grc' dir='ltr'>ἃ</span> <span class='ocrx_word' id='word_1_141' title='bbox 1494 2527 1589 2599; x_wconf 87' lang='lat' dir='ltr'>frater</span> 
     </span>
    </p>
   </div>
   <div class='ocr_carea' id='block_1_3' title="bbox 565 2760 1758 4350">
    <p class='ocr_par' dir='ltr' id='par_1_3' title="bbox 565 2760 1758 4350">
     <span class='ocr_line' id='line_1_20' title="bbox 606 2760 1588 2832; baseline 0.001 -17"><span class='ocrx_word' id='word_1_142' title='bbox 606 2764 658 2815; x_wconf 82' lang='lat'>11².</span> <span class='ocrx_word' id='word_1_143' title='bbox 676 2763 734 2832; x_wconf 78' lang='lat' dir='ltr'>legit</span> <span class='ocrx_word' id='word_1_144' title='bbox 746 2771 793 2832; x_wconf 80' lang='lat' dir='ltr'>pro</span> <span class='ocrx_word' id='word_1_145' title='bbox 811 2773 879 2816; x_wconf 76' lang='lat' dir='ltr'>textu</span> <span class='ocrx_word' id='word_1_146' title='bbox 897 2763 971 2831; x_wconf 79' lang='lat' dir='ltr'>nostro</span> <span class='ocrx_word' id='word_1_147' title='bbox 981 2760 1125 2832; x_wconf 74' lang='lat' dir='ltr'>sequentias</span> <span class='ocrx_word' id='word_1_148' title='bbox 1148 2763 1173 2815; x_wconf 71' lang='grc' dir='ltr'>δι</span> <span class='ocrx_word' id='word_1_149' title='bbox 1186 2761 1336 2816; x_wconf 81' lang='lat' dir='ltr'>aselietalem</span> <span class='ocrx_word' id='word_1_150' title='bbox 1355 2779 1441 2816; x_wconf 85' lang='lat' dir='ltr'>eorum</span> <span class='ocrx_word' id='word_1_151' title='bbox 1454 2761 1588 2816; x_wconf 85' lang='lat' dir='ltr'>sensum&amp;</span> 
     </span>
     <span class='ocr_line' id='line_1_21' title="bbox 568 2842 1589 2912; baseline -0.002 -16"><span class='ocrx_word' id='word_1_152' title='bbox 568 2843 651 2897; x_wconf 86' lang='lat' dir='ltr'>lumen</span> <span class='ocrx_word' id='word_1_153' title='bbox 664 2843 793 2895; x_wconf 86' lang='lat' dir='ltr'>oculorum</span> <span class='ocrx_word' id='word_1_154' title='bbox 806 2843 974 2912; x_wconf 88' lang='lat' dir='ltr'>perdiderunt,</span> <span class='ocrx_word' id='word_1_155' title='bbox 992 2842 1026 2894; x_wconf 79' lang='lat' dir='ltr'>ita</span> <span class='ocrx_word' id='word_1_156' title='bbox 1039 2842 1109 2911; x_wconf 91' lang='lat' dir='ltr'>quod</span> <span class='ocrx_word' id='word_1_157' title='bbox 1123 2859 1186 2894; x_wconf 86' lang='lat' dir='ltr'>unus</span> <span class='ocrx_word' id='word_1_158' title='bbox 1204 2842 1279 2894; x_wconf 87' lang='lat' dir='ltr'>alium</span> <span class='ocrx_word' id='word_1_159' title='bbox 1292 2842 1455 2895; x_wconf 81' lang='lat' dir='ltr'>interficiebat</span> <span class='ocrx_word' id='word_1_160' title='bbox 1469 2844 1492 2894; x_wconf 76' lang='grc' dir='ltr'>δι</span> <span class='ocrx_word' id='word_1_161' title='bbox 1509 2842 1589 2894; x_wconf 83' lang='lat' dir='ltr'>nullus</span> 
     </span>
     <span class='ocr_line' id='line_1_22' title="bbox 568 2921 1589 2992; baseline -0.004 -14"><span class='ocrx_word' id='word_1_162' title='bbox 568 2937 630 2991; x_wconf 85' lang='lat' dir='ltr'>erat,</span> <span class='ocrx_word' id='word_1_163' title='bbox 645 2924 687 2992; x_wconf 88' lang='lat' dir='ltr'>qui</span> <span class='ocrx_word' id='word_1_164' title='bbox 701 2940 743 2976; x_wconf 86' lang='lat' dir='ltr'>eos</span> <span class='ocrx_word' id='word_1_165' title='bbox 761 2935 844 2976; x_wconf 85' lang='lat' dir='ltr'>tenere</span> <span class='ocrx_word' id='word_1_166' title='bbox 858 2921 945 2992; x_wconf 85' lang='lat' dir='ltr'>pollet,</span> <span class='ocrx_word' id='word_1_167' title='bbox 957 2923 981 2974; x_wconf 76' lang='grc' dir='ltr'>δι</span> <span class='ocrx_word' id='word_1_168' title='bbox 995 2923 1116 2992; x_wconf 83' lang='lat' dir='ltr'>fugiendo</span> <span class='ocrx_word' id='word_1_169' title='bbox 1128 2923 1161 2974; x_wconf 81' lang='lat' dir='ltr'>ad</span> <span class='ocrx_word' id='word_1_170' title='bbox 1175 2921 1253 2974; x_wconf 80' lang='lat' dir='ltr'>cellra</span> <span class='ocrx_word' id='word_1_171' title='bbox 1266 2921 1398 2975; x_wconf 86' lang='lat' dir='ltr'>redierunt.</span> <span class='ocrx_word' id='word_1_172' title='bbox 1413 2922 1531 2974; x_wconf 69' lang='lat' dir='ltr'>videntes</span> <span class='ocrx_word' id='word_1_173' title='bbox 1543 2923 1589 2975; x_wconf 88' lang='lat' dir='ltr'>hec</span> 
     </span>
     <span class='ocr_line' id='line_1_23' title="bbox 567 3001 1758 3072; baseline 0.003 -17"><span class='ocrx_word' id='word_1_174' title='bbox 567 3003 683 3056; x_wconf 87' lang='lat' dir='ltr'>dominus</span> <span class='ocrx_word' id='word_1_175' title='bbox 692 3003 789 3072; x_wconf 80' lang='lat' dir='ltr'>legatus</span> <span class='ocrx_word' id='word_1_176' title='bbox 797 3004 820 3054; x_wconf 75' lang='lat' dir='ltr'>lt</span> <span class='ocrx_word' id='word_1_177' title='bbox 829 3001 970 3055; x_wconf 87' lang='lat' dir='ltr'>lerosolime</span> <span class='ocrx_word' id='word_1_178' title='bbox 980 3005 1052 3055; x_wconf 84' lang='lat' dir='ltr'>rex&amp;</span> <span class='ocrx_word' id='word_1_179' title='bbox 1059 3001 1098 3069; x_wconf 85' lang='lat' dir='ltr'>alij</span> <span class='ocrx_word' id='word_1_180' title='bbox 1108 3003 1152 3055; x_wconf 84' lang='lat' dir='ltr'>viri</span> <span class='ocrx_word' id='word_1_181' title='bbox 1160 3005 1183 3054; x_wconf 78' lang='grc' dir='ltr'>δι</span> <span class='ocrx_word' id='word_1_182' title='bbox 1192 3002 1280 3056; x_wconf 84' lang='lat' dir='ltr'>milites</span> <span class='ocrx_word' id='word_1_183' title='bbox 1287 3003 1383 3055; x_wconf 88' lang='lat' dir='ltr'>nobiles</span> <span class='ocrx_word' id='word_1_184' title='bbox 1392 3001 1524 3070; x_wconf 88' lang='lat' dir='ltr'>plurimum</span> <span class='ocrx_word' id='word_1_185' title='bbox 1534 3002 1589 3054; x_wconf 85' lang='lat' dir='ltr'>lunt</span> <span class='ocrx_word' id='word_1_186' title='bbox 1603 3009 1630 3058; x_wconf 83' lang='lat' dir='ltr'>P.</span> <span class='ocrx_word' id='word_1_187' title='bbox 1641 3009 1660 3058; x_wconf 84' lang='lat' dir='ltr'>f.</span> <span class='ocrx_word' id='word_1_188' title='bbox 1673 3024 1716 3072; x_wconf 80' lang='lat'>¹¹3</span> <span class='ocrx_word' id='word_1_189' title='bbox 1729 3013 1758 3058; x_wconf 82' lang='lat' dir='ltr'>C.</span> 
     </span>
     <span class='ocr_line' id='line_1_24' title="bbox 567 3080 1588 3158; baseline 0 -22"><span class='ocrx_word' id='word_1_190' title='bbox 567 3083 668 3152; x_wconf 86' lang='lat' dir='ltr'>turbati,</span> <span class='ocrx_word' id='word_1_191' title='bbox 681 3083 792 3158; x_wconf 72' lang='lat' dir='ltr'>tandem,</span> <span class='ocrx_word' id='word_1_192' title='bbox 806 3081 900 3134; x_wconf 80' lang='lat' dir='ltr'>insimul</span> <span class='ocrx_word' id='word_1_193' title='bbox 913 3099 1000 3135; x_wconf 81' lang='lat' dir='ltr'>omnes</span> <span class='ocrx_word' id='word_1_194' title='bbox 1008 3082 1166 3152; x_wconf 75' lang='lat' dir='ltr'>congregati,</span> <span class='ocrx_word' id='word_1_195' title='bbox 1176 3099 1234 3134; x_wconf 89' lang='lat' dir='ltr'>curn</span> <span class='ocrx_word' id='word_1_196' title='bbox 1244 3081 1347 3135; x_wconf 85' lang='lat' dir='ltr'>inimicis</span> <span class='ocrx_word' id='word_1_197' title='bbox 1354 3080 1457 3151; x_wconf 87' lang='lat' dir='ltr'>prelium</span> <span class='ocrx_word' id='word_1_198' title='bbox 1468 3099 1588 3152; x_wconf 79' lang='lat' dir='ltr'>magnum</span> 
     </span>
     <span class='ocr_line' id='line_1_25' title="bbox 567 3161 1589 3232; baseline -0.001 -16"><span class='ocrx_word' id='word_1_199' title='bbox 567 3163 781 3228; x_wconf 84' lang='lat' dir='ltr'>commiserunt,&amp;</span> <span class='ocrx_word' id='word_1_200' title='bbox 791 3161 888 3214; x_wconf 84' lang='lat' dir='ltr'>duravit</span> <span class='ocrx_word' id='word_1_201' title='bbox 896 3161 955 3213; x_wconf 89' lang='lat' dir='ltr'>illud</span> <span class='ocrx_word' id='word_1_202' title='bbox 965 3162 1057 3214; x_wconf 88' lang='lat' dir='ltr'>bellurn</span> <span class='ocrx_word' id='word_1_203' title='bbox 1067 3181 1082 3214; x_wconf 91' lang='lat' dir='ltr'>a</span> <span class='ocrx_word' id='word_1_204' title='bbox 1093 3162 1248 3232; x_wconf 79' lang='lat' dir='ltr'>manensque</span> <span class='ocrx_word' id='word_1_205' title='bbox 1258 3163 1291 3214; x_wconf 82' lang='lat' dir='ltr'>ad</span> <span class='ocrx_word' id='word_1_206' title='bbox 1301 3161 1421 3230; x_wconf 82' lang='lat' dir='ltr'>vesperas,</span> <span class='ocrx_word' id='word_1_207' title='bbox 1428 3163 1513 3232; x_wconf 75' lang='lat' dir='ltr'>polles</span> <span class='ocrx_word' id='word_1_208' title='bbox 1521 3175 1589 3216; x_wconf 81' lang='lat' dir='ltr'>utra·</span> 
     </span>
     <span class='ocr_line' id='line_1_26' title="bbox 567 3239 1586 3312; baseline 0.002 -18"><span class='ocrx_word' id='word_1_209' title='bbox 567 3260 616 3312; x_wconf 92' lang='lat' dir='ltr'>que</span> <span class='ocrx_word' id='word_1_210' title='bbox 628 3260 684 3312; x_wconf 82' lang='lat' dir='ltr'>pars</span> <span class='ocrx_word' id='word_1_211' title='bbox 697 3241 833 3294; x_wconf 81' lang='lat' dir='ltr'>volontarie</span> <span class='ocrx_word' id='word_1_212' title='bbox 848 3239 947 3294; x_wconf 85' lang='lat' dir='ltr'>lecelsrt.</span> <span class='ocrx_word' id='word_1_213' title='bbox 967 3241 1068 3294; x_wconf 87' lang='lat' dir='ltr'>Tarnen</span> <span class='ocrx_word' id='word_1_214' title='bbox 1081 3243 1111 3295; x_wconf 93' lang='lat' dir='ltr'>de</span> <span class='ocrx_word' id='word_1_215' title='bbox 1128 3241 1269 3295; x_wconf 81' lang='lat' dir='ltr'>Christianis</span> <span class='ocrx_word' id='word_1_216' title='bbox 1283 3241 1354 3294; x_wconf 87' lang='lat' dir='ltr'>multi</span> <span class='ocrx_word' id='word_1_217' title='bbox 1369 3241 1460 3294; x_wconf 86' lang='lat' dir='ltr'>mortui</span> <span class='ocrx_word' id='word_1_218' title='bbox 1472 3242 1534 3310; x_wconf 83' lang='lat' dir='ltr'>lunt,</span> <span class='ocrx_word' id='word_1_219' title='bbox 1546 3242 1586 3310; x_wconf 85' lang='lat' dir='ltr'>alij</span> 
     </span>
     <span class='ocr_line' id='line_1_27' title="bbox 567 3321 1588 3392; baseline -0.001 -17"><span class='ocrx_word' id='word_1_220' title='bbox 567 3322 648 3391; x_wconf 77' lang='lat' dir='ltr'>fugati</span> <span class='ocrx_word' id='word_1_221' title='bbox 657 3334 758 3392; x_wconf 86' lang='lat' dir='ltr'>propter</span> <span class='ocrx_word' id='word_1_222' title='bbox 765 3321 1007 3390; x_wconf 79' lang='lat' dir='ltr'>ponderaernrorum</span> <span class='ocrx_word' id='word_1_223' title='bbox 1016 3321 1039 3374; x_wconf 88' lang='lat' dir='ltr'>se</span> <span class='ocrx_word' id='word_1_224' title='bbox 1047 3321 1270 3392; x_wconf 78' lang='lat' dir='ltr'>prostemebantnl</span> <span class='ocrx_word' id='word_1_225' title='bbox 1278 3321 1529 3388; x_wconf 76' lang='lat' dir='ltr'>terram‚&amp;taliterin</span> <span class='ocrx_word' id='word_1_226' title='bbox 1535 3323 1588 3392; x_wconf 84' lang='lat' dir='ltr'>ipso</span> 
     </span>
     <span class='ocr_line' id='line_1_28' title="bbox 566 3399 1586 3472; baseline 0.001 -19"><span class='ocrx_word' id='word_1_227' title='bbox 566 3401 644 3472; x_wconf 90' lang='lat' dir='ltr'>prelio</span> <span class='ocrx_word' id='word_1_228' title='bbox 652 3399 844 3453; x_wconf 78' lang='lat' dir='ltr'>innumerabiles</span> <span class='ocrx_word' id='word_1_229' title='bbox 854 3399 909 3452; x_wconf 85' lang='lat' dir='ltr'>sunt</span> <span class='ocrx_word' id='word_1_230' title='bbox 918 3400 1042 3468; x_wconf 78' lang='lat' dir='ltr'>decollati,</span> <span class='ocrx_word' id='word_1_231' title='bbox 1055 3402 1079 3454; x_wconf 69' lang='grc' dir='ltr'><strong>ἃ</strong></span> <span class='ocrx_word' id='word_1_232' title='bbox 1090 3400 1160 3454; x_wconf 89' lang='lat' dir='ltr'>multi</span> <span class='ocrx_word' id='word_1_233' title='bbox 1169 3400 1258 3454; x_wconf 84' lang='lat' dir='ltr'>milites</span> <span class='ocrx_word' id='word_1_234' title='bbox 1267 3401 1388 3471; x_wconf 72' lang='lat' dir='ltr'>templarii</span> <span class='ocrx_word' id='word_1_235' title='bbox 1399 3403 1422 3454; x_wconf 74' lang='lat' dir='ltr'>St</span> <span class='ocrx_word' id='word_1_236' title='bbox 1435 3399 1586 3471; x_wconf 77' lang='lat' dir='ltr'>hospitalarii</span> 
     </span>
     <span class='ocr_line' id='line_1_29' title="bbox 567 3479 1589 3551; baseline 0.001 -18"><span class='ocrx_word' id='word_1_237' title='bbox 567 3481 622 3534; x_wconf 88' lang='lat' dir='ltr'>sunt</span> <span class='ocrx_word' id='word_1_238' title='bbox 633 3481 700 3550; x_wconf 85' lang='lat' dir='ltr'>eapti</span> <span class='ocrx_word' id='word_1_239' title='bbox 713 3482 738 3533; x_wconf 74' lang='lat' dir='ltr'>St</span> <span class='ocrx_word' id='word_1_240' title='bbox 750 3480 842 3532; x_wconf 87' lang='lat' dir='ltr'>mortui</span> <span class='ocrx_word' id='word_1_241' title='bbox 854 3479 879 3532; x_wconf 74' lang='lat' dir='ltr'>dt</span> <span class='ocrx_word' id='word_1_242' title='bbox 893 3479 1020 3532; x_wconf 87' lang='lat' dir='ltr'>vulnerati.</span> <span class='ocrx_word' id='word_1_243' title='bbox 1033 3479 1073 3533; x_wconf 83' lang='lat' dir='ltr'>Sic</span> <span class='ocrx_word' id='word_1_244' title='bbox 1087 3481 1152 3534; x_wconf 86' lang='lat' dir='ltr'>eninr</span> <span class='ocrx_word' id='word_1_245' title='bbox 1166 3481 1301 3534; x_wconf 80' lang='lat' dir='ltr'>stultitia&amp;</span> <span class='ocrx_word' id='word_1_246' title='bbox 1318 3479 1471 3549; x_wconf 76' lang='lat' dir='ltr'>implicitate</span> <span class='ocrx_word' id='word_1_247' title='bbox 1484 3482 1589 3551; x_wconf 80' lang='lat' dir='ltr'>popula-</span> 
     </span>
     <span class='ocr_line' id='line_1_30' title="bbox 566 3557 1588 3629; baseline 0.001 -16"><span class='ocrx_word' id='word_1_248' title='bbox 566 3561 630 3614; x_wconf 89' lang='lat' dir='ltr'>rium</span> <span class='ocrx_word' id='word_1_249' title='bbox 640 3560 763 3613; x_wconf 88' lang='lat' dir='ltr'>credimus</span> <span class='ocrx_word' id='word_1_250' title='bbox 774 3557 891 3628; x_wconf 78' lang='lat' dir='ltr'>placuill&#39;e</span> <span class='ocrx_word' id='word_1_251' title='bbox 900 3559 1012 3613; x_wconf 84' lang='lat' dir='ltr'>Domino</span> <span class='ocrx_word' id='word_1_252' title='bbox 1023 3559 1105 3613; x_wconf 83' lang='lat' dir='ltr'>nolito</span> <span class='ocrx_word' id='word_1_253' title='bbox 1116 3561 1186 3614; x_wconf 84' lang='lat' dir='ltr'>lhesu</span> <span class='ocrx_word' id='word_1_254' title='bbox 1196 3559 1307 3629; x_wconf 61' lang='lat' dir='ltr'>Chrillof</span> <span class='ocrx_word' id='word_1_255' title='bbox 1317 3559 1344 3612; x_wconf 86' lang='lat' dir='ltr'>srt</span> <span class='ocrx_word' id='word_1_256' title='bbox 1353 3559 1404 3612; x_wconf 89' lang='lat' dir='ltr'>eius</span> <span class='ocrx_word' id='word_1_257' title='bbox 1414 3578 1505 3613; x_wconf 85' lang='lat' dir='ltr'>nomen</span> <span class='ocrx_word' id='word_1_258' title='bbox 1514 3563 1588 3614; x_wconf 63' lang='lat' dir='ltr'>bene</span> 
     </span>
     <span class='ocr_line' id='line_1_31' title="bbox 567 3638 1588 3710; baseline 0 -15"><span class='ocrx_word' id='word_1_259' title='bbox 567 3641 660 3695; x_wconf 65' lang='lat' dir='ltr'>dietum</span> <span class='ocrx_word' id='word_1_260' title='bbox 668 3640 693 3692; x_wconf 92' lang='lat' dir='ltr'>in</span> <span class='ocrx_word' id='word_1_261' title='bbox 703 3641 794 3694; x_wconf 82' lang='lat' dir='ltr'>seculsl</span> <span class='ocrx_word' id='word_1_262' title='bbox 808 3638 922 3693; x_wconf 85' lang='lat' dir='ltr'>Similiter</span> <span class='ocrx_word' id='word_1_263' title='bbox 929 3639 1034 3709; x_wconf 84' lang='lat' dir='ltr'>prelium</span> <span class='ocrx_word' id='word_1_264' title='bbox 1044 3639 1069 3692; x_wconf 92' lang='lat' dir='ltr'>in</span> <span class='ocrx_word' id='word_1_265' title='bbox 1077 3640 1180 3693; x_wconf 86' lang='lat' dir='ltr'>flumine</span> <span class='ocrx_word' id='word_1_266' title='bbox 1187 3639 1279 3694; x_wconf 69' lang='lat' dir='ltr'>fatiunt</span> <span class='ocrx_word' id='word_1_267' title='bbox 1287 3639 1448 3710; x_wconf 88' lang='lat' dir='ltr'>perdiderunt</span> <span class='ocrx_word' id='word_1_268' title='bbox 1457 3641 1588 3694; x_wconf 77' lang='lat' dir='ltr'>Christiani</span> 
     </span>
     <span class='ocr_line' id='line_1_32' title="bbox 566 3719 1588 3791; baseline -0.003 -16"><span class='ocrx_word' id='word_1_269' title='bbox 566 3723 591 3775; x_wconf 72' lang='lat' dir='ltr'>St</span> <span class='ocrx_word' id='word_1_270' title='bbox 602 3738 678 3774; x_wconf 80' lang='lat' dir='ltr'>unam</span> <span class='ocrx_word' id='word_1_271' title='bbox 699 3719 797 3790; x_wconf 73' lang='lat' dir='ltr'>galeam</span> <span class='ocrx_word' id='word_1_272' title='bbox 818 3731 942 3772; x_wconf 76' lang='lat' dir='ltr'>armatam</span> <span class='ocrx_word' id='word_1_273' title='bbox 954 3719 1011 3772; x_wconf 86' lang='lat' dir='ltr'>viris</span> <span class='ocrx_word' id='word_1_274' title='bbox 1031 3720 1194 3789; x_wconf 84' lang='lat' dir='ltr'>prudentibus</span> <span class='ocrx_word' id='word_1_275' title='bbox 1208 3719 1304 3790; x_wconf 74' lang='lat' dir='ltr'>Pagnni</span> <span class='ocrx_word' id='word_1_276' title='bbox 1322 3720 1463 3774; x_wconf 76' lang='lat' dir='ltr'>habuerunt</span> <span class='ocrx_word' id='word_1_277' title='bbox 1475 3721 1500 3772; x_wconf 76' lang='lat' dir='ltr'>lt</span> <span class='ocrx_word' id='word_1_278' title='bbox 1515 3738 1588 3791; x_wconf 86' lang='lat' dir='ltr'>cepe-</span> 
     </span>
     <span class='ocr_line' id='line_1_33' title="bbox 566 3799 1587 3870; baseline 0.003 -18"><span class='ocrx_word' id='word_1_279' title='bbox 566 3811 637 3869; x_wconf 86' lang='lat' dir='ltr'>runt‚·</span> <span class='ocrx_word' id='word_1_280' title='bbox 658 3800 791 3870; x_wconf 86' lang='lat' dir='ltr'>populares</span> <span class='ocrx_word' id='word_1_281' title='bbox 812 3800 878 3853; x_wconf 89' lang='lat' dir='ltr'>enim</span> <span class='ocrx_word' id='word_1_282' title='bbox 900 3816 958 3852; x_wconf 85' lang='lat' dir='ltr'>curn</span> <span class='ocrx_word' id='word_1_283' title='bbox 978 3799 1092 3868; x_wconf 84' lang='lat' dir='ltr'>superbia</span> <span class='ocrx_word' id='word_1_284' title='bbox 1113 3801 1137 3852; x_wconf 76' lang='grc' dir='ltr'>δι</span> <span class='ocrx_word' id='word_1_285' title='bbox 1158 3799 1241 3852; x_wconf 83' lang='lat' dir='ltr'>furore</span> <span class='ocrx_word' id='word_1_286' title='bbox 1262 3799 1347 3852; x_wconf 85' lang='lat' dir='ltr'>omnia</span> <span class='ocrx_word' id='word_1_287' title='bbox 1365 3817 1440 3868; x_wconf 84' lang='lat' dir='ltr'>agere</span> <span class='ocrx_word' id='word_1_288' title='bbox 1461 3801 1587 3854; x_wconf 80' lang='lat' dir='ltr'>volebant.</span> 
     </span>
     <span class='ocr_line' id='line_1_34' title="bbox 565 3878 1590 3950; baseline 0.003 -18"><span class='ocrx_word' id='word_1_289' title='bbox 565 3881 722 3950; x_wconf 75' lang='lat' dir='ltr'>Ignorabant</span> <span class='ocrx_word' id='word_1_290' title='bbox 733 3881 818 3945; x_wconf 84' lang='lat' dir='ltr'>etiarn,</span> <span class='ocrx_word' id='word_1_291' title='bbox 837 3879 895 3949; x_wconf 88' lang='lat' dir='ltr'>quia</span> <span class='ocrx_word' id='word_1_292' title='bbox 912 3878 1029 3949; x_wconf 83' lang='lat' dir='ltr'>scripturn</span> <span class='ocrx_word' id='word_1_293' title='bbox 1044 3879 1093 3933; x_wconf 75' lang='lat' dir='ltr'>este</span> <span class='ocrx_word' id='word_1_294' title='bbox 1107 3879 1220 3948; x_wconf 71' lang='lat' dir='ltr'>Superbia</span> <span class='ocrx_word' id='word_1_295' title='bbox 1236 3881 1304 3932; x_wconf 79' lang='lat' dir='ltr'>Deus</span> <span class='ocrx_word' id='word_1_296' title='bbox 1316 3878 1398 3947; x_wconf 80' lang='lat' dir='ltr'>reſsstr&#39;t</span> <span class='ocrx_word' id='word_1_297' title='bbox 1409 3879 1590 3935; x_wconf 58' lang='lat' dir='ltr'>&amp;monuit</span> 
     </span>
     <span class='ocr_line' id='line_1_35' title="bbox 567 3958 1589 4030; baseline 0.002 -17"><span class='ocrx_word' id='word_1_298' title='bbox 567 3963 590 4028; x_wconf 92' lang='grc' dir='ltr'>[ι</span> <span class='ocrx_word' id='word_1_299' title='bbox 603 3962 681 4026; x_wconf 76' lang='lat' dir='ltr'>Petu,</span> <span class='ocrx_word' id='word_1_300' title='bbox 692 3977 719 4026; x_wconf 88' lang='lat' dir='ltr'>v,</span> <span class='ocrx_word' id='word_1_301' title='bbox 730 3963 765 4028; x_wconf 79' lang='lat'>5]-</span> <span class='ocrx_word' id='word_1_302' title='bbox 781 3963 814 4014; x_wconf 85' lang='lat' dir='ltr'>Et</span> <span class='ocrx_word' id='word_1_303' title='bbox 824 3961 868 4012; x_wconf 85' lang='lat' dir='ltr'>viri</span> <span class='ocrx_word' id='word_1_304' title='bbox 880 3959 1009 4030; x_wconf 84' lang='lat' dir='ltr'>sapientes,</span> <span class='ocrx_word' id='word_1_305' title='bbox 1021 3959 1064 4029; x_wconf 90' lang='lat' dir='ltr'>qui</span> <span class='ocrx_word' id='word_1_306' title='bbox 1076 3959 1199 4030; x_wconf 83' lang='lat' dir='ltr'>peditibus</span> <span class='ocrx_word' id='word_1_307' title='bbox 1209 3958 1375 4024; x_wconf 84' lang='lat' dir='ltr'>crediderunt,</span> <span class='ocrx_word' id='word_1_308' title='bbox 1384 3961 1416 4011; x_wconf 89' lang='lat' dir='ltr'>de</span> <span class='ocrx_word' id='word_1_309' title='bbox 1427 3959 1479 4012; x_wconf 89' lang='lat' dir='ltr'>iure</span> <span class='ocrx_word' id='word_1_310' title='bbox 1488 3959 1589 4030; x_wconf 85' lang='lat' dir='ltr'>poll&#39;unr</span> 
     </span>
     <span class='ocr_line' id='line_1_36' title="bbox 567 4038 1588 4110; baseline 0.001 -19"><span class='ocrx_word' id='word_1_311' title='bbox 567 4040 720 4110; x_wconf 88' lang='lat' dir='ltr'>reprehendi,</span> <span class='ocrx_word' id='word_1_312' title='bbox 743 4039 801 4109; x_wconf 78' lang='lat' dir='ltr'>quia</span> <span class='ocrx_word' id='word_1_313' title='bbox 819 4038 880 4092; x_wconf 85' lang='lat' dir='ltr'>dicit</span> <span class='ocrx_word' id='word_1_314' title='bbox 898 4039 1016 4093; x_wconf 73' lang='lat' dir='ltr'>Salonine</span> <span class='ocrx_word' id='word_1_315' title='bbox 1038 4039 1138 4108; x_wconf 78' lang='lat' dir='ltr'>Sapiens</span> <span class='ocrx_word' id='word_1_316' title='bbox 1152 4051 1233 4092; x_wconf 77' lang='lat' dir='ltr'>artum</span> <span class='ocrx_word' id='word_1_317' title='bbox 1239 4039 1337 4107; x_wconf 66' lang='grc' dir='ltr'>Μαι</span> <span class='ocrx_word' id='word_1_318' title='bbox 1355 4040 1382 4092; x_wconf 84' lang='lat' dir='ltr'>ire</span> <span class='ocrx_word' id='word_1_319' title='bbox 1397 4039 1588 4108; x_wconf 74' lang='lat' dir='ltr'>infipienulesua</span> 
     </span>
     <span class='ocr_line' id='line_1_37' title="bbox 566 4119 1588 4189; baseline 0 -17"><span class='ocrx_word' id='word_1_320' title='bbox 566 4119 662 4172; x_wconf 77' lang='lat' dir='ltr'>imitari</span> <span class='ocrx_word' id='word_1_321' title='bbox 672 4138 717 4173; x_wconf 80' lang='lat' dir='ltr'>non</span> <span class='ocrx_word' id='word_1_322' title='bbox 726 4121 796 4172; x_wconf 82' lang='lat' dir='ltr'>debet</span> <span class='ocrx_word' id='word_1_323' title='bbox 807 4119 945 4183; x_wconf 85' lang='lat' dir='ltr'>[Proverb.,</span> <span class='ocrx_word' id='word_1_324' title='bbox 956 4135 999 4184; x_wconf 88' lang='grc' dir='ltr'><strong>ιιι,</strong></span> <span class='ocrx_word' id='word_1_325' title='bbox 1012 4122 1063 4186; x_wconf 78' lang='lat'>1¹]-</span> <span class='ocrx_word' id='word_1_326' title='bbox 1077 4121 1174 4172; x_wconf 87' lang='lat' dir='ltr'>lnterea</span> <span class='ocrx_word' id='word_1_327' title='bbox 1186 4119 1288 4189; x_wconf 85' lang='lat' dir='ltr'>quidem</span> <span class='ocrx_word' id='word_1_328' title='bbox 1298 4119 1335 4172; x_wconf 85' lang='lat' dir='ltr'>vir</span> <span class='ocrx_word' id='word_1_329' title='bbox 1344 4119 1432 4172; x_wconf 82' lang='lat' dir='ltr'>nobilis</span> <span class='ocrx_word' id='word_1_330' title='bbox 1445 4119 1588 4172; x_wconf 79' lang='lat' dir='ltr'>vulneratus</span> 
     </span>
     <span class='ocr_line' id='line_1_38' title="bbox 567 4197 1589 4272; baseline 0.003 -20"><span class='ocrx_word' id='word_1_331' title='bbox 567 4199 591 4252; x_wconf 74' lang='lat' dir='ltr'>St</span> <span class='ocrx_word' id='word_1_332' title='bbox 609 4197 676 4268; x_wconf 81' lang='lat' dir='ltr'>quali</span> <span class='ocrx_word' id='word_1_333' title='bbox 696 4197 825 4251; x_wconf 81' lang='lat' dir='ltr'>semivivus</span> <span class='ocrx_word' id='word_1_334' title='bbox 844 4201 877 4251; x_wconf 75' lang='lat' dir='ltr'>ad</span> <span class='ocrx_word' id='word_1_335' title='bbox 896 4199 974 4252; x_wconf 82' lang='lat' dir='ltr'>eastre</span> <span class='ocrx_word' id='word_1_336' title='bbox 995 4199 1093 4252; x_wconf 83' lang='lat' dir='ltr'>rediens</span> <span class='ocrx_word' id='word_1_337' title='bbox 1111 4198 1159 4251; x_wconf 89' lang='lat' dir='ltr'>bec</span> <span class='ocrx_word' id='word_1_338' title='bbox 1180 4201 1256 4252; x_wconf 76' lang='lat' dir='ltr'>verbs</span> <span class='ocrx_word' id='word_1_339' title='bbox 1274 4197 1378 4253; x_wconf 88' lang='lat' dir='ltr'>domino</span> <span class='ocrx_word' id='word_1_340' title='bbox 1399 4199 1485 4272; x_wconf 78' lang='lat' dir='ltr'>legato</span> <span class='ocrx_word' id='word_1_341' title='bbox 1505 4200 1589 4255; x_wconf 77' lang='lat' dir='ltr'>retulit</span> 
     </span>
     <span class='ocr_line' id='line_1_39' title="bbox 567 4277 1237 4350; baseline 0 -18"><span class='ocrx_word' id='word_1_342' title='bbox 567 4277 660 4344; x_wconf 78' lang='lat' dir='ltr'>dicens,</span> <span class='ocrx_word' id='word_1_343' title='bbox 675 4278 753 4350; x_wconf 88' lang='lat' dir='ltr'>quod,</span> <span class='ocrx_word' id='word_1_344' title='bbox 767 4279 839 4333; x_wconf 74' lang='lat' dir='ltr'>nolle</span> <span class='ocrx_word' id='word_1_345' title='bbox 848 4279 972 4346; x_wconf 79' lang='lat' dir='ltr'>veniente,</span> <span class='ocrx_word' id='word_1_346' title='bbox 987 4278 1064 4334; x_wconf 82' lang='lat' dir='ltr'>erexit</span> <span class='ocrx_word' id='word_1_347' title='bbox 1075 4279 1162 4334; x_wconf 86' lang='lat' dir='ltr'>oculos</span> <span class='ocrx_word' id='word_1_348' title='bbox 1175 4277 1237 4334; x_wconf 79' lang='lat' dir='ltr'>suos</span> 
     </span>
    </p>
   </div>
   <div class='ocr_carea' id='block_1_4' title="bbox 0 0 1852 5626">
    <p class='ocr_par' dir='ltr' id='par_1_4' title="bbox 0 0 1852 5626">
     <span class='ocr_line' id='line_1_40' title="bbox 0 0 1852 5626; baseline 0 4"><span class='ocrx_word' id='word_1_349' title='bbox 0 0 1852 5626; x_wconf 95' lang='lat' dir='ltr'> </span> 
     </span>
    </p>
   </div>
  </div>
 </body>
</html>
