3688 5640
571 522 618 600 34
1024 523 1151 580 onsTA

449 765 507 810 1217
566 741 672 812 lerunt
687 737 809 836 stbique
823 753 832 786 ¹
847 743 1066 814 communiter
1077 757 1092 790 ²
1103 741 1284 818 diviserunt.
1297 743 1446 842 Quidam
1463 757 1591 816 ramen³

566 871 693 936 eorum,
711 845 959 942 pulchretudine
972 851 1017 921 rei
1035 873 1126 946 rapte
1143 847 1302 942 sedunus,
1320 849 1514 922 obediencie
1525 853 1593 922 iura

565 979 721 1024 temerare
740 951 940 1050 presumpsit,
966 957 1033 1050 qui,
1063 954 1143 1028 dum
1161 955 1272 1028 cibum
1289 981 1405 1053 capere
1423 954 1591 1050 debuisset,

562 1059 606 1130 ad
624 1060 764 1156 primam
789 1059 896 1132 statim
921 1057 1083 1135 bucellam
1111 1089 1196 1160 pene
1221 1061 1392 1134 suffocatus
1411 1063 1592 1160 periculum

563 1193 621 1264 per
638 1164 885 1256 confeffionem,
906 1169 1075 1240 miserante
1091 1171 1177 1260 Deo,
1197 1167 1294 1240 evasit
1310 1172 1345 1240 &
1359 1169 1431 1266 post
1444 1169 1506 1240 hec
1520 1167 1591 1240 sub·

403 1285 514 1332 Novemb·
530 1271 627 1342 alata
647 1269 784 1343 fideliter
812 1273 953 1344 restituit.
980 1275 1048 1346 Poll
1077 1275 1191 1346 festum
1210 1277 1375 1346 Omnium
1398 1277 1590 1348 Sanctorum

560 1379 723 1450 universus
741 1381 894 1450 exercitus
914 1379 1171 1470 christianorum,
1198 1407 1275 1452 curn
1297 1379 1508 1454 reddidissent
1525 1385 1589 1456 cas·

561 1510 647 1556 trum
665 1483 813 1556 fratribus
838 1485 880 1558 de
896 1485 1022 1584 gladio,
1048 1489 1188 1560 reversus
1214 1489 1258 1560 est
1281 1487 1507 1578 Ulixibonatn,
1535 1487 1804 1563 ebir-‚errw-

561 1593 721 1664 tostulatia
732 1607 747 1654 4
758 1591 853 1664 bonis
866 1593 1019 1666 omnibus
1036 1593 1275 1668 redundabant.
1288 1609 1300 1656 5
1314 1595 1347 1664 bt
1366 1620 1443 1666 ecce
1454 1597 1590 1668 miracu·

559 1695 627 1769 lum
642 1700 767 1796 semper
786 1698 1032 1772 advertendum.
1050 1702 1183 1800 Singule
1195 1703 1284 1772 enim
1300 1702 1450 1798 regiones
1468 1702 1590 1774 &loca

559 1807 692 1901 copiam
705 1808 882 1904 peregrinis
897 1806 1076 1902 prebebant
1090 1809 1255 1896 omnium,
1274 1806 1328 1880 sed
1341 1809 1376 1878 in
1388 1808 1457 1882 sola
1469 1835 1588 1884 eorun-

558 1910 634 1982 dem
651 1914 754 2008 patria
771 1913 872 2010 ⁶posl
887 1914 980 1984 suum
1002 1911 1173 1986 discessum
1190 1916 1327 2009 penuria
1345 1915 1390 1986 ell
1410 1912 1588 2006 subsecuta,

557 2015 735 2110 specialiter
758 2041 867 2090 autem
890 2020 978 2091 Deus
997 2019 1118 2094 clericis
1141 2019 1305 2116 providit3
1334 2021 1467 2092 namin
1489 2022 1586 2094 Ulixi·

556 2119 644 2194 bona
670 2125 863 2223 theologum
880 2125 1139 2198 litteratissimum
1157 2129 1352 2222 invenimus,
1377 2130 1445 2225 qui,
1470 2128 1586 2200 relictis
1598 2145 1634 2205 R,
1648 2161 1736 2209 raas,
1749 2165 1771 2196 e.
1782 2163 1802 2195 ι.

559 2232 789 2326 temporalium
804 2235 897 2322 curis,
922 2235 984 2306 soli
1001 2234 1280 2333 contemplacioni
1293 2233 1460 2308 studiosus
1476 2235 1584 2306 inten-

558 2335 666 2428 debat,
704 2365 762 2436 per
787 2342 875 2412 cuius
900 2339 1085 2412 doctrinam
1107 2344 1141 2413 in
1167 2339 1340 2414 dulcedine
1358 2343 1446 2414 sacre
1463 2343 1586 2439 pagine

558 2445 728 2518 refocillati
743 2447 861 2518 sumus.

669 2689 713 2755 lll.
740 2689 791 2754 Dr
809 2688 1049 2778 expedicionr'bus
1069 2690 1099 2756 in
1118 2684 1211 2756 ‘serra
1229 2690 1340 2756 Suada
1350 2690 1462 2778 fusiss.

594 2867 684 2938 Cum
693 2869 803 2966 itaque
816 2866 905 2964 apud
916 2867 1128 2942 Ulixibonam
1137 2895 1194 2966 per
1202 2868 1316 2941 hiemis
1328 2871 1471 2968 spacium
1481 2871 1583 2966 quies-

553 2997 673 3066 cerent,
713 2973 894 3070 patriarcha
926 2973 1219 3048 lherosolimitanus
1260 3001 1337 3048 cum
1370 2975 1584 3073 copiosrlsuna

552 3079 760 3154 multitudine
786 3083 1044 3180 peregrinorum,
1073 3086 1129 3178 qui
1156 3108 1214 3179 per
1239 3105 1338 3154 terras
1358 3107 1525 3172 venerant,
1549 3085 1583 3154 in

552 3186 771 3259 transmarinis
788 3184 932 3284 partibus
949 3185 1113 3286 vigilabat.
1135 3189 1221 3260 seria
1237 3211 1383 3284 namque
1399 3189 1487 3262 sexta
1510 3189 1583 3286 post

389 3307 501 3352 Novrmb-
516 3321 536 3366 s·
551 3293 666 3364 festum
682 3293 848 3366 Omnium
866 3294 1064 3366 Sandlorum·
1081 3293 1171 3366 idem
1187 3294 1370 3392 patriarcha
1386 3321 1464 3368 cum
1487 3296 1581 3394 ligno

550 3401 652 3472 crucis
666 3401 842 3474 Dominice
860 3399 985 3474 secutus
1002 3401 1047 3472 est
1060 3403 1247 3492 exercitum,
1264 3404 1320 3498 qui
1331 3400 1524 3502 precesserat
1540 3399 1582 3474 stc

550 3504 787 3578 Recordanam.
801 3507 881 3576 Hoc
892 3532 1003 3580 autem
1017 3507 1145 3606 lignum
1159 3505 1255 3580 dulce
1268 3509 1342 3605 poll
1356 3509 1454 3582 Terre
1467 3509 1580 3582 Sancte

549 3612 755 3684 amissionem
772 3639 830 3710 per
847 3639 963 3686 manus
983 3613 1230 3686 christianorum
1250 3615 1294 3686 est
1310 3615 1482 3704 servatum,
1509 3613 1579 3702 sed,

548 3720 742 3792 imminente
763 3718 850 3792 bello
873 3745 988 3792 contra
1009 3721 1212 3810 Sarracenos,
1239 3721 1319 3792 sano
1346 3719 1480 3794 consilio
1499 3718 1581 3794 divi·

547 3823 617 3895 sum
635 3825 680 3896 est
704 3821 748 3896 ob
765 3825 850 3897 hanc
864 3827 1006 3916 causam,
1024 3851 1060 3898 ut
1076 3852 1151 3925 pars
1165 3852 1231 3898 una
1247 3825 1426 3900 deferretur
1442 3826 1485 3900 ad
1508 3854 1580 3924 pre·

544 3929 637 4022 lium,
667 3929 723 4004 ubi
740 3957 875 4030 propter
890 3932 1064 4006 hominum
1080 3956 1217 4032 peccata
1238 3931 1366 4032 perdita
1382 3933 1438 4022 est,
1457 3933 1580 4032 reliqua
1594 3949 1684 4008 v.,t.4
1695 3955 1727 4008 ¹⁰,
1740 3965 1760 3994 t·
1773 3965 1795 3996 ι

545 4061 624 4108 veto
649 4063 726 4133 pars
749 4039 850 4134 usque
875 4037 918 4111 ad
939 4037 1002 4111 hec
1028 4065 1178 4138 tempora
1195 4037 1388 4136 diligencius
1409 4039 1454 4111 est
1474 4039 1579 4111 custo·

583 4245 592 4277 r
609 4227 636 4279 B.
654 4244 700 4296 pro
712 4245 762 4296 que
774 4231 851 4298 quod.
864 4260 899 4270 -
914 4251 928 4284 ι
945 4233 973 4284 7.
987 4249 1030 4284 co·
1128 4233 1182 4294 48.
1192 4229 1333 4300 cartularia,-
1347 4233 1376 4284 V.
1392 4233 1531 4286 torcularia.
1542 4261 1577 4271 —
1666 4205 1670 4213 ⁵

544 4304 622 4358 mirer.
639 4333 671 4346 —
687 4323 699 4370 3
717 4307 745 4358 V.
760 4317 824 4360 turn.
1094 4329 1107 4376 5
1119 4311 1148 4362 V.
1156 4309 1321 4364 redundabat
1335 4339 1367 4350 -
1382 4316 1397 4362 6
1412 4315 1441 4364 V.
1451 4311 1540 4382 priora.
