3688 5640
475 527 782 582 CRUCIGERORUM
807 527 1093 582 RHENANORUM.
1248 529 1294 608 43

268 747 427 820 damnum
451 747 635 837 inferentes,
662 773 722 845 per
750 745 921 844 expeditos
949 748 1073 842 equites
1102 747 1229 820 nostros
1255 747 1298 819 ad
1340 761 1399 810 1218

267 879 416 952 pontem,
442 878 544 949 quem
567 854 683 951 procul
704 852 837 927 anobis
857 857 891 926 in
913 855 1032 926 saniori
1048 877 1139 952 parte
1156 851 1299 925 fluminis

267 961 519 1052 construxerant,
544 961 618 1033 sunt
636 961 777 1059 refugati
797 965 833 1034 δι
847 962 891 1034 ad
909 963 1167 1060 quingentorum
1183 985 1297 1032 nume·

267 1095 339 1140 rum
355 1067 479 1140 ibidem
490 1068 651 1140 intersesti
663 1067 747 1139 sunt.
768 1069 804 1139 Et
818 1071 895 1165 quia
909 1067 1069 1140 christiani
1085 1067 1203 1167 populi
1215 1068 1299 1138 mul·

267 1173 373 1246 titudo
387 1177 461 1246 Deo
480 1174 609 1270 placete
625 1171 837 1270 probabatur,
855 1173 1042 1246 huiusmodi
1057 1189 1066 1221 ¹
1080 1173 1213 1272 flagello
1229 1199 1298 1244 me·

266 1285 330 1354 ruit
358 1282 514 1380 castigari.
555 1286 589 1352 ln
614 1281 726 1379 vigilia
748 1283 856 1354 Sancti
873 1281 1005 1354 Andree
1023 1281 1174 1380 Apostoli
1198 1285 1296 1353 nosse
1311 1307 1421 1368 usses

202 1481 204 1486 Ι
267 1389 375 1460 media
402 1385 518 1460 fluslus
542 1389 766 1459 intumuerunt
794 1389 922 1480 matini,
955 1389 1103 1460 excursus
1129 1385 1298 1482 usquead

267 1495 367 1567 castra
383 1492 530 1565 fidelium
548 1491 728 1566 terribiliter
745 1495 899 1566 facientes
913 1495 1088 1591 &semper
1109 1493 1298 1584 crescentes,

265 1600 309 1674 ab
337 1601 400 1672 alia
424 1625 503 1674 veto
530 1625 623 1697 parte
648 1598 765 1674 fluvius
788 1603 950 1674 inundans
968 1602 1145 1698 occupavit
1173 1601 1298 1696 impro-

267 1708 365 1800 visos,
383 1705 540 1780 natabant
564 1710 715 1800 tentoria,
738 1709 862 1805 periere
880 1705 1009 1799 cibaria,
1036 1709 1138 1804 pisces
1155 1704 1298 1778 fluviales

265 1819 301 1886 ἃ
315 1815 441 1906 marini,
461 1811 667 1911 quafi²nihil
689 1817 851 1904 timentes,
869 1816 900 1886 se
918 1814 1075 1888 cubiculis
1094 1811 1298 1913 ingerebant,

267 1948 351 2020 quos
366 1921 481 1992 nostris
499 1920 650 1994 manibus
669 1920 905 2019 prendidimus.
924 1922 958 1992 Et
975 1919 1031 1994 nist
1049 1922 1169 2018 pietate
1186 1919 1298 1992 ineffa-

266 2029 322 2100 bili
343 2029 404 2100 suis
421 2029 584 2100 Dominus
602 2027 805 2126 pepercisset,
822 2030 858 2099 in
876 2026 1006 2118 fossato,
1024 2028 1117 2125 quod
1133 2053 1245 2100 tamen
1264 2029 1298 2098 in

46 2156 92 2211 Vs
106 2153 252 2211 f-7=⁰‚c·²·
266 2137 348 2208 alios
366 2135 438 2206 usus
455 2135 579 2206 fastum
596 2135 710 2225 fuerat,
731 2161 821 2207 mate
840 2137 987 2207 iundum
1005 2133 1132 2206 flumini
1147 2135 1297 2206 homines

266 2268 343 2314 cum
355 2243 519 2331 iumentis,
535 2267 634 2314 naves
652 2267 730 2312 cum
746 2243 844 2312 armis
857 2245 891 2313 δι
910 2239 1101 2314 vidualibus
1117 2242 1151 2312 in
1170 2241 1298 2312 hostem

265 2345 461 2420 detraxisset.
491 2345 597 2445 Quod
614 2371 725 2420 tamen
746 2349 950 2445 ³periculum
970 2373 1125 2444 quattuor
1148 2347 1192 2418 illi
1216 2371 1297 2444 cog·

264 2481 380 2556 gones,
400 2455 494 2550 supet
509 2477 593 2550 quos
609 2450 654 2524 ad
667 2453 865 2551 capiendam
879 2455 1044 2526 civitatem
1062 2452 1212 2525 edificata
1225 2453 1298 2524 sunt

265 2560 527 2662 propugnacula,
540 2585 788 2656 nequamquam
801 2559 937 2633 evadere
949 2585 1138 2658 potuerunt,
1153 2559 1207 2631 sed
1219 2585 1297 2630 cum

265 2670 379 2766 quinta
401 2669 487 2759 navi,
510 2692 576 2762 que
597 2693 674 2738 cum
696 2670 741 2739 eis
762 2691 840 2760 erat,
862 2671 895 2740 vi
912 2693 1088 2742 ventorum
1112 2668 1297 2766 precipitati

47 2802 87 2860 u,
101 2819 123 2862 ρ.
131 2813 186 2860 231,
196 2817 216 2847 c.
232 2813 251 2847 ι.
264 2775 307 2850 ad
321 2771 525 2872 propositam
537 2776 645 2874 ripam
658 2797 734 2846 ante
748 2775 862 2847 oculos
879 2777 1006 2846 nostros
1020 2777 1092 2847 sunt
1104 2777 1182 2874 igne
1194 2799 1296 2872 greco

263 2879 435 2972 combussi,
458 2883 671 2978 pepercitque
692 2884 857 2954 Dominus
882 2883 1048 2954 frisonum
1076 2885 1110 2954 &
1138 2883 1296 2952 Teutoni·

263 3013 380 3060 corum
394 2985 573 3079 laboribus,
596 2985 713 3083 quibus
735 2990 769 3058 in
791 2987 951 3084 capienda
970 2990 1101 3060 civitate
1118 2986 1295 3058 desudave-

262 3119 343 3167 rant.
361 3095 469 3166 Naves
482 3096 639 3184 onerarie,
657 3119 722 3190 que
734 3096 767 3164 in
785 3117 882 3191 portu
907 3096 1002 3166 maris
1020 3093 1296 3191 stabant,4ruptis

262 3227 396 3299 repente
412 3199 554 3292 simibus,
571 3202 746 3300 perierunt,
769 3199 986 3296 duravitque5
1000 3227 1058 3298 per
1074 3200 1218 3272 triduum
1235 3200 1296 3271 hec

262 3308 433 3405 tempestas
449 3310 656 3380 continuum.

309 3416 391 3512 Quo
407 3415 529 3511 elapso,
543 3414 718 3486 consolans
734 3415 808 3486 suos
824 3415 989 3486 Dominus
1002 3415 1174 3511 imperavit
1191 3416 1295 3488 ventis

261 3525 296 3594 ἃ
312 3523 405 3610 mari,
427 3524 462 3593 ἃ
478 3521 604 3593 reddita
621 3522 665 3592 est
682 3521 841 3593 serenitas.
861 3519 974 3592 lnvafit
991 3523 1097 3592 eciam
1114 3521 1235 3593 multos
1253 3521 1295 3592 de

261 3629 402 3698 exercitu
419 3628 513 3723 pestis
531 3627 675 3724 quedam
691 3629 810 3725 gravis,
832 3651 947 3699 contra
964 3653 1066 3725 quam
1083 3627 1207 3726 physici
1224 3626 1294 3698 nul-

261 3735 330 3806 lum
351 3757 505 3830 poterant
516 3735 662 3806 invenire
671 3734 872 3826 remedium,
885 3733 982 3806 dolor
996 3737 1181 3834 repentinus
1195 3733 1295 3831 pedes

262 3837 375 3914 invasit
396 3843 431 3911 δι
448 3843 612 3913 vinsluras
633 3843 788 3929 crurium,
807 3867 885 3912 caro
903 3865 1058 3940 corrupta
1074 3842 1296 3940 gingivas⁶&

264 3947 389 4019 dentes·
406 3946 544 4020 obduxit
576 3947 768 4021 masticandi
795 3949 987 4045 potenciam
1013 3949 1172 4036 auferens,
1204 3944 1295 4020 tibias

50 4075 218 4134 v.,t.ss·,e
231 4052 424 4128 r.horribilis
447 4055 600 4154 egritudo
620 4056 766 4148 sulcavit,
791 4056 826 4125 &
850 4053 892 4126 fic
913 4055 1020 4153 longo
1044 4058 1145 4126 tractu
1171 4051 1295 4126 doloris

303 4242 312 4274 r
330 4224 359 4274 V.
374 4223 523 4277 humaniori.
538 4251 571 4264 -
586 4243 602 4274 ι
618 4225 646 4276 V.
656 4222 706 4294 qui.
722 4253 747 4263 -
846 4241 863 4286 4
878 4223 905 4272 V.
921 4221 1007 4273 stabat.
1022 4251 1056 4259 -
1070 4241 1083 4288 ς
1098 4223 1124 4273 B.
1136 4221 1245 4278 duravit.
1262 4249 1295 4264 -

267 4317 280 4374 3
297 4303 327 4356 7.
342 4313 404 4358 tum.
469 4313 473 4330 ·
812 4304 826 4354 6
842 4301 870 4356 V.
884 4301 1008 4374 ginguias,
