3694 5626
465 523 516 576 uu
534 523 709 576 ronanus
727 523 827 576 nuos
845 522 1072 576 renuentum.
1217 520 1279 602 135

263 742 305 814 de
322 744 450 816 civitate
466 747 501 814 δε
517 769 724 840 perrexerunt
740 743 783 815 ad
800 746 974 816 tentorium
992 742 1119 815 domini
1135 744 1235 842 legati
1250 748 1284 815 &
1300 771 1359 820 1219

263 875 340 922 cum
356 877 432 948 rege
448 854 483 922 δι
501 876 577 922 cum
593 849 747 924 omnibus
764 851 832 922 aliis
847 851 950 922 locuti
967 851 1103 934 fuerunt.

312 958 441 1028 lli-llll.
455 959 565 1028 Tertia
578 955 631 1028 die
639 959 777 1029 intrante
787 957 993 1045 Novembris,
1003 959 1037 1028 in
1044 957 1098 1028 die
1108 956 1286 1049 dominica,
1300 981 1360 1027 uov.
1373 993 1394 1040 3·

264 1063 307 1134 ad
318 1063 460 1136 mediam
469 1067 601 1134 noctem
609 1063 866 1135 veneruntmulti
874 1065 1287 1136 Sarraceni&intraverunt

264 1169 352 1240 licias
371 1171 503 1259 nostras,
529 1173 564 1240 &
577 1167 732 1242 volebant
749 1172 866 1241 intrare
884 1171 918 1241 in
935 1171 1111 1262 civitatem,
1135 1174 1168 1242 δι
1186 1169 1287 1242 nullus

266 1274 397 1348 videbat
406 1302 473 1365 eos,
486 1280 520 1347 &
535 1279 699 1347 Dominus
707 1277 873 1373 inspiravit
887 1275 1054 1372 quandam
1063 1277 1241 1366 mulierem,
1254 1279 1289 1347 &

266 1384 362 1459 exivit
381 1383 465 1453 foras
484 1385 518 1452 ἀ
535 1384 661 1454 sentivit
678 1408 746 1473 eos,
764 1386 798 1453 &
815 1383 957 1454 exierunt
968 1382 1141 1454 Christiani
1159 1382 1289 1454 nudi&

266 1489 368 1559 vestiri
386 1492 420 1559 &
437 1489 595 1585 templarii
612 1492 647 1559 &
658 1488 866 1584 hospitalarii,
880 1490 937 1584 qui
952 1513 1043 1559 erant
1059 1487 1100 1560 ad
1118 1490 1289 1585 capellam,

266 1597 302 1665 ὅ(
317 1592 375 1689 ipsi
391 1595 554 1666 Sarraceni
571 1597 769 1668 intraverunt
793 1598 828 1666 in
845 1596 927 1666 locis
944 1593 1083 1690 aquofis,
1109 1594 1205 1666 &ibi
1223 1597 1290 1668 fue·

268 1725 342 1770 runt
358 1699 491 1772 ducenti
507 1705 542 1773 δι
558 1704 645 1797 capti
662 1703 825 1799 sexaginta
841 1703 875 1771 dt
894 1700 973 1792 du03
991 1726 1124 1772 centum
1137 1700 1291 1774 undecim

267 1809 465 1880 intraverunt
488 1811 522 1878 in
539 1810 714 1898 civitatem,
739 1811 774 1880 ἃ
791 1809 842 1899 alij
865 1809 1018 1906 sugerunt
1035 1833 1131 1898 retr0,
1157 1811 1192 1878 δι
1213 1833 1292 1881 tunc

268 1913 417 1984 mulieres
447 1913 644 1986 occidebant
673 1940 740 2004 eos,
776 1913 852 1986 sicut
879 1915 1028 1985 homines
1056 1915 1091 1984 ἃ
1120 1913 1292 1986 Chrilliani

268 2023 401 2114 padum
433 2021 629 2117 respuerunt,
658 2023 923 2119 &proiecerunt
952 2021 1059 2115 capita
1087 2045 1292 2092 mortuorum

269 2125 355 2196 foras
372 2149 447 2196 ante
461 2125 643 2214 soldanum,
663 2129 697 2196 &
714 2152 855 2224 corpora
872 2151 947 2197 ante
965 2151 1076 2196 muros
1093 2127 1240 2218 civitatis,
1257 2153 1293 2199 ut

269 2233 374 2328 magis
408 2231 565 2302 dolerent.
593 2233 628 2302 Et
656 2256 734 2304 tunc
766 2255 834 2302 tota
859 2257 939 2330 gens
968 2233 1075 2302 nostra
1104 2230 1206 2304 divisa
1234 2233 1293 2304 firit

270 2361 327 2431 per
351 2336 554 2429 constablias,
583 2331 658 2435 quia
683 2337 843 2434 putabant
874 2339 999 2410 fortiter
1021 2335 1085 2410 elle
1107 2340 1230 2436 agredi,
1259 2343 1294 2412 ἃ

270 2447 457 2540 expugnati.

319 2549 395 2621 LlV.
410 2551 538 2648 Quinto
556 2541 609 2624 die
626 2555 764 2624 intrante
788 2549 982 2625 Novembris
1002 2553 1035 2622 in
1058 2552 1167 2649 vigilia
1186 2555 1294 2625 Sandli
1307 2565 1366 2614 nov.
1379 2577 1400 2626 s·

271 2657 441 2748 leonardi,
454 2656 506 2729 die
520 2661 640 2749 Martis,
649 2661 682 2731 in
693 2657 801 2730 media
814 2665 922 2749 nodie,
930 2661 964 2730 in
978 2684 1043 2754 qua
1057 2659 1138 2730 hora
1149 2660 1294 2731 Christus

167 2781 225 2841 tas
238 2779 260 2826 b.
271 2764 447 2859 expoliavit
457 2765 632 2856 infernum,
642 2767 744 2861 Latini
752 2766 927 2862 posuerunt
936 2765 1055 2835 scalam
1063 2766 1156 2862 super
1164 2792 1294 2838 murum

270 2874 305 2941 ¹&
321 2873 521 2945 intraverunt
537 2874 571 2942 in
588 2898 672 2961 eam,
689 2898 831 2967 cumque
848 2898 913 2943 una
932 2872 1014 2942 scala
1032 2872 1090 2942 fuit
1107 2871 1149 2944 ad
1166 2899 1294 2944 murum

272 2977 430 3074 apposita,
456 2979 556 3050 fiana
573 2979 628 3068 est,
657 2981 693 3049 ἃ
719 2981 863 3074 quinque
880 2978 1052 3050 Christiani
1075 2980 1295 3051 remanserunt

272 3085 366 3176 intus,
379 3087 414 3154 ἃ
427 3083 481 3155 visr
493 3087 622 3157 fuerunt
635 3113 654 3156 a
668 3087 859 3173 Sarracenis,
873 3088 908 3156 ἃ
920 3084 1154 3156 clamaverunt:
1168 3090 1294 3160 mdiuva

273 3217 338 3280 nos,
356 3195 498 3260 sensium
521 3195 693 3286 Sepulcrum
712 3193 742 3262 se
759 3219 829 3262 vera
847 3195 950 3262 Crux!
967 3190 1001 3260 Et
1018 3193 1106 3262 venit
1123 3193 1184 3264 alia
1203 3192 1297 3283 scala,

272 3298 305 3366 δι
319 3296 491 3368 Christiani
508 3293 586 3367 stcut
598 3298 706 3395 angeli
719 3299 906 3369 catervatim
920 3296 962 3368 ad
978 3293 1170 3392 obsequium
1183 3298 1297 3369 Cruci·

272 3399 327 3472 lixi
343 3400 564 3494 ascenderunt,
575 3404 609 3474 δι
621 3402 735 3475 vexilla
748 3404 863 3474 Sansle
876 3404 991 3474 Crucis
1008 3404 1042 3473 in
1060 3431 1099 3475 ea
1113 3404 1296 3500 posuerunt.

273 3507 392 3604 Pagani
417 3510 451 3578 in
472 3534 535 3579 tres
562 3533 661 3580 turres
684 3511 717 3580 se
734 3534 1016 3606 congregaverunt
1037 3511 1299 3606 &proiecerunt

274 3614 387 3710 ignem
404 3614 498 3710 super
518 3612 701 3706 bertrescas,
727 3642 768 3686 eo
797 3613 889 3711 quod
914 3618 997 3714 ignis
1023 3619 1058 3687 &
1086 3617 1192 3688 fumus
1221 3613 1299 3687 eller

275 3715 401 3815 fignum
425 3718 573 3808 soldano,
591 3743 626 3790 ut
642 3723 687 3791 eis
702 3721 903 3792 succurreret.
928 3721 1022 3792 Tunc
1035 3721 1197 3792 infremuit
1212 3744 1299 3792 totus

276 3825 431 3894 exercitus
445 3823 712 3915 Christianorum,
729 3827 865 3920 quierat
880 3828 914 3896 in
927 3825 1050 3916 sabulo,
1070 3828 1145 3920 quia
1162 3825 1207 3896 nil
1222 3825 1300 3896 inde

279 3929 407 4020 sciebat,
431 3933 465 4001 dt
486 3929 568 4002 vidit
584 3955 652 4002 tam
677 3957 837 4029 magnum
854 3932 967 4030 ignem
984 3933 1016 4000 in
1038 3933 1175 4002 civitate.
1205 3932 1300 4002 Tunc

280 4037 376 4106 armis
397 4036 427 4107 se
450 4039 647 4126 munierunt,
664 4035 758 4108 &ad
779 4038 867 4120 licias
887 4033 1132 4108 defendendum
1153 4061 1300 4110 cucurre-

323 4293 333 4328 1
357 4277 413 4330 Cod.
429 4293 495 4328 eum.
