3694 5626
580 564 646 642 154
823 561 934 614 nunu
952 561 1103 614 nunttu
1121 559 1344 614 cuntsrntm

501 813 558 861 ηις
572 781 631 854 bus
643 783 807 854 Sarraceni
820 807 933 879 pugna
945 782 1102 871 conserta,
1121 781 1281 880 fugerunt,
1298 781 1467 878 pluresque
1481 809 1595 854 eorum

571 893 603 959 in
618 913 738 985 campo
752 887 905 958 cadentes
918 887 1012 958 occist
1027 890 1108 977 sunt,
1122 887 1177 958 sed
1186 891 1221 959 ἃ
1233 887 1358 978 calisus,
1370 913 1484 960 eorum
1497 916 1595 988 papa,

571 996 751 1093 aquodam
764 997 873 1066 nostro
900 995 1001 1066 milite
1018 993 1191 1090 perculsus,
1208 995 1335 1085 cecidit,
1353 995 1408 1066 sed
1427 997 1595 1070 semivivus

571 1103 676 1192 evafit,
705 1130 786 1173 unus
812 1127 922 1173 autem
944 1101 986 1173 de
1006 1103 1119 1172 nostris
1144 1127 1289 1173 mortuus
1310 1103 1355 1172 est
1372 1103 1453 1195 illic3
1477 1103 1594 1202 sicque,

570 1235 682 1306 pugna
713 1210 827 1297 soluta,
855 1211 1019 1279 Sarraceni
1042 1233 1118 1278 cum
1142 1234 1270 1280 merore
1294 1207 1336 1278 ad
1363 1207 1416 1278 sua
1434 1209 1596 1284 redierunt

571 1316 683 1402 castra,
701 1316 799 1385 nostri
817 1340 927 1386 autem
948 1341 1024 1385 cum
1041 1313 1164 1412 gaudio
1183 1340 1365 1386 remearunt
1381 1317 1414 1388 in
1432 1317 1495 1386 sua.

617 1421 732 1492 XXlX.
758 1427 790 1491 ln
809 1419 921 1492 diebus
939 1421 998 1491 illis
1013 1423 1160 1518 precepit
1177 1421 1331 1493 dominus
1347 1422 1472 1519 legatus
1489 1424 1595 1492 omni·

569 1525 627 1600 bus
667 1529 813 1624 accipere
840 1529 1066 1624 penitentiam,
1097 1553 1200 1622 quum
1229 1525 1361 1599 volebat
1387 1553 1534 1625 pugnare
1561 1530 1594 1599 in

568 1661 700 1732 campo,
727 1659 841 1730 parato
859 1660 961 1724 curru,
982 1635 1015 1704 in
1033 1660 1102 1729 quo
1119 1634 1272 1706 vexillum
1287 1637 1402 1706 sande
1419 1635 1535 1706 Crucis
1552 1633 1593 1706 ad

569 1737 816 1810 defendendum
840 1763 908 1809 erat
925 1739 1207 1834 componendum.
1235 1743 1331 1837 igitur
1349 1743 1383 1811 in
1402 1741 1480 1812 sesto
1497 1742 1594 1811 Sanc·

454 1865 552 1924 tunm.
569 1871 678 1917 torum
702 1845 937 1941 Apostolorum
963 1846 1042 1915 Petri
1058 1850 1092 1916 ἀ
1112 1847 1196 1916 Pauli
1221 1845 1313 1933 iuslit,
1340 1873 1456 1918 omnes
1481 1847 1594 1918 dil'cal-

568 1955 670 2025 ciatos
688 1952 730 2025 ad
755 1979 865 2026 veram
884 1953 1021 2023 Domini
1044 1978 1174 2023 crucem
1192 1955 1312 2044 venire,
1337 1955 1519 2024 Dominum
1537 1953 1594 2024 de·

568 2085 748 2156 precantes,
775 2083 820 2150 ut,
845 2060 898 2154 qui
918 2061 951 2128 in
971 2085 1009 2128 ea
1026 2059 1194 2156 pependit,
1221 2057 1316 2130 nobis
1335 2086 1449 2130 verum
1464 2059 1594 2131 &utile

568 2163 757 2262 dignaretur
781 2163 951 2237 confilium
973 2189 1096 2260 parare.
1125 2164 1326 2237 Previdentes
1348 2190 1458 2237 autem
1476 2167 1593 2264 princi·

567 2296 625 2367 pes
642 2272 750 2357 nostri,
784 2271 875 2366 quod
902 2297 970 2342 non
992 2270 1069 2343 esset
1094 2297 1210 2362 tutum,
1238 2297 1384 2368 pugnare
1408 2275 1442 2342 in
1460 2297 1592 2370 campo,

568 2402 670 2471 quum
688 2377 872 2473 oportebat,
891 2403 952 2450 nos
965 2376 1055 2450 fimus
1068 2403 1214 2476 pugnare
1228 2403 1303 2448 cum
1321 2379 1450 2451 civitate
1469 2381 1503 2449 ἃ
1520 2379 1593 2449 nos·

568 2509 615 2554 tra
633 2485 756 2555 servare
771 2482 898 2576 fossata,
916 2489 1024 2582 &pro
1042 2511 1110 2556 uno
1123 2485 1308 2557 Christiano
1325 2486 1496 2581 plusquam
1514 2511 1593 2580 qua·

567 2587 716 2685 draginta
739 2613 829 2661 erant
847 2591 975 2688 Pagani,
1001 2590 1144 2686 ideoque
1169 2591 1356 2687 respuerunt
1376 2592 1593 2664 necessitatem

567 2719 686 2792 pugne.

568 2915 618 2979 Ue
633 2915 737 3003 prima
759 2915 895 2980 civitatis
919 2917 1142 3004 impugnatione
1159 2911 1190 2980 ee
1207 2917 1331 3002 ltostitm
1356 2938 1466 3006 magna
1474 2917 1590 3006 fhage.

476 3134 518 3180 1⁰¹·
530 3135 551 3180 8·
617 3121 718 3192 XXX.
741 3125 862 3192 lnterea
876 3123 996 3192 ostavo
1009 3119 1082 3190 idus
1100 3120 1165 3210 lulij
1183 3118 1386 3193 adduxerunt
1401 3121 1500 3192 nostri
1516 3143 1592 3190 coc·

569 3253 622 3299 cas
640 3251 716 3296 cum
734 3226 834 3314 scalis,
852 3229 886 3296 &
904 3224 1005 3323 postte
1026 3226 1099 3296 lunt
1116 3227 1207 3322 super
1222 3225 1344 3297 flumen
1361 3251 1466 3324 prope
1484 3227 1592 3297 menia

567 3334 713 3422 civitatis,
733 3336 768 3403 dt
785 3357 843 3428 per
859 3356 963 3403 totam
981 3330 1069 3404 diem
1090 3357 1328 3430 pugnaverunt.
1347 3317 1466 3432 Pag'ani
1481 3355 1592 3403 autem

565 3440 773 3538 proiecerunt
797 3439 910 3535 ignem
934 3439 1026 3533 super
1050 3439 1148 3509 scalas
1172 3439 1289 3534 easque
1307 3437 1402 3511 valde
1429 3463 1590 3510 cremave-

566 3569 648 3616 runt.
667 3541 772 3642 Quod
785 3543 931 3614 videntes
944 3543 1126 3633 Christiani,
1142 3543 1354 3638 plorantes&
1367 3567 1484 3616 terram
1497 3543 1590 3614 oscu-

564 3651 667 3722 lantes
686 3675 876 3744 nomenque
895 3650 1032 3720 Domini
1048 3651 1249 3740 invocantes,
1269 3648 1439 3722 dicebant:
1461 3655 1591 3721 Domine·

565 3761 648 3852 ihesu
679 3759 809 3847 Christe,
844 3761 895 3846 qui
922 3755 1055 3846 liberasti
1079 3780 1140 3824 tres
1155 3781 1267 3847 pueros
1297 3759 1334 3824 de
1363 3763 1480 3826 camino
1506 3759 1591 3850 ignis
1604 3773 1620 3821 f.
1635 3777 1709 3836 179s.

565 3863 664 3932 ὀισπ
680 3869 745 3956 fine
772 3861 908 3929 incendio
925 3862 1066 3954 servasti,
1094 3861 1187 3932 libera
1205 3863 1346 3952 famulos
1371 3865 1515 3932 Tuosub
1535 3866 1590 3951 ista
1647 3919 1649 3924 .

558 3972 781 4062 persecucione,
810 3993 845 4036 tre
877 3971 1000 4060 Pagoni
1016 3967 1285 4059 pqfflnrestulrare
1308 3969 1345 4037 de
1369 3973 1465 4060 nostra
1484 3968 1590 4059 perdi·

564 4078 668 4146 sione!

612 4175 730 4248 XXXl.
758 4177 905 4248 Monstro
923 4199 1032 4248 autem
1053 4176 1142 4247 fado
1159 4177 1193 4249 in
1210 4177 1349 4266 ciuitate,
1367 4177 1503 4274 septima
1518 4175 1590 4248 vice

564 4283 653 4354 venit
671 4281 821 4352 soldanus
840 4307 916 4352 cum
933 4307 1032 4352 manu
1051 4280 1230 4352 robusta&
1242 4280 1375 4354 volebat
1391 4284 1509 4353 intrare
1526 4280 1589 4352 sos·
