3688 5640
528 439 570 516 16
927 451 1140 516 onumncro

523 673 601 747 ficut
613 678 706 774 porci
718 679 752 748 δι
765 699 896 746 currunt
912 675 946 744 in
959 671 1209 746 amaritudinem
1221 671 1351 763 inferni,
1373 696 1437 766 que
1448 669 1545 772 figni-

522 781 634 855 ficator
658 811 715 882 per
740 781 989 857 amaritudinem
1013 779 1119 851 maris.
1152 811 1170 844 α
1190 781 1278 849 ‘folle
1300 805 1374 873 ergo
1390 785 1546 874 grabatum

521 915 602 960 tuum
618 923 636 955 υ
652 897 791 986 (loann,
804 919 836 982 v,
850 893 900 988 8),
917 887 952 960 id
965 889 1009 959 est
1025 913 1159 958 carnem
1179 908 1270 955 tuam
1283 885 1405 955 sursum
1417 913 1436 956 a
1450 909 1546 959 terre·

523 999 583 1088 nis,
601 1000 675 1093 quia
687 999 731 1070 est
745 997 786 1069 de
799 997 921 1069 deliciis
935 997 1039 1066 camis
1052 991 1129 1064 licut
1143 991 1183 1064 de
1198 989 1303 1062 cauda
1316 993 1469 1090 anguille,
1484 1019 1547 1089 que

523 1103 617 1202 fugit,
634 1105 715 1176 dum
728 1106 867 1176 creditur
880 1103 1018 1192 retineri,
1035 1104 1069 1171 δι
1086 1101 1241 1198 intellige,
1260 1099 1340 1196 quid
1353 1099 1431 1172 dicit
1443 1097 1548 1198 glossa

523 1211 617 1309 super
633 1212 813 1308 predidum
830 1209 1126 1306 locumlivangelij,
1151 1210 1280 1300 scilicet,
1298 1207 1353 1279 nift
1367 1210 1438 1304 quis
1456 1232 1548 1277 more

523 1319 617 1414 porci
637 1321 760 1408 vixerit,
786 1320 820 1388 in
843 1345 918 1389 eum
939 1313 1088 1387 diabolus
1109 1341 1179 1386 non
1204 1315 1323 1410 accipit
1343 1313 1548 1410 potestatem,

523 1422 579 1494 nist
596 1423 638 1494 ad
655 1423 875 1521 probandum,
892 1449 962 1494 non
979 1421 1022 1492 ad
1039 1421 1255 1518 perdendum.

574 1537 674 1602 ltem:
704 1532 843 1628 Quanto
870 1529 943 1626 plus
960 1529 1151 1624 comprimis
1176 1554 1298 1624 aquam
1319 1529 1402 1599 inter
1423 1553 1547 1619 manus,

524 1662 617 1710 tanto
639 1637 711 1734 plus
733 1635 833 1710 effluit
860 1639 895 1708 &
916 1637 1021 1706 minus
1042 1639 1204 1722 retinetur,
1236 1633 1278 1704 src
1299 1635 1342 1706 est
1364 1633 1406 1706 de
1427 1633 1547 1706 deliciis

525 1747 628 1816 carnis
645 1748 679 1815 δι
700 1743 805 1816 seculi.

574 1855 669 1922 Item:
687 1851 871 1949 Peregrinus
885 1851 1048 1938 itinerans,
1067 1849 1123 1944 qui
1137 1848 1262 1945 semper
1279 1850 1419 1945 sequitur
1430 1851 1547 1948 impul·
1560 1869 1579 1915 u
1591 1867 1606 1914 t
1618 1882 1694 1928 214³,
1705 1885 1728 1916 e
1739 1884 1762 1916 ι

524 1957 595 2028 sum
604 1959 703 2048 venti,
717 1984 789 2029 rato
803 1955 901 2030 habet
913 1981 1098 2052 congruum
1109 1955 1300 2050 hospicium,
1314 1955 1366 2048 stc,
1377 1959 1433 2052 qui
1443 1959 1547 2053 sequi·

525 2087 576 2134 tur
589 2089 726 2151 ornnem
743 2089 872 2134 morum
886 2065 999 2152 carnis,
1017 2087 1089 2132 raro
1106 2059 1203 2131 habet
1215 2061 1398 2159 hospicium
1415 2066 1448 2134 in
1466 2065 1547 2140 celo

574 2175 666 2242 Item:
696 2168 864 2242 Columba
881 2194 951 2242 non
968 2165 1114 2240 comedit
1132 2192 1272 2258 carnem,
1298 2166 1340 2239 stc
1360 2194 1421 2240 nec
1442 2169 1549 2242 bonus

525 2277 666 2372 sequitur
681 2277 886 2374 voluptatem
903 2277 1016 2347 camis.

574 2387 674 2456 ltem:
699 2379 864 2454 Columba
882 2407 957 2452 cum
974 2381 1076 2452 rostro
1099 2381 1225 2477 separat
1240 2407 1379 2478 granum
1397 2383 1549 2456 frumenti

524 2490 667 2585 apalea,
696 2487 737 2559 stc
760 2487 866 2560 bonus
889 2515 939 2580 ea,
969 2515 1033 2584 que
1055 2489 1127 2558 sunt
1148 2488 1221 2576 Dei,
1253 2489 1309 2584 qui
1338 2491 1381 2561 est
1409 2509 1755 2588 granumntsrum.

524 2595 688 2688 frumenti,
705 2594 746 2668 ab
764 2622 813 2687 ea,
831 2621 894 2691 que
912 2595 984 2666 funt
1001 2595 1114 2666 camis.

575 2707 667 2774 ltem:
697 2704 846 2801 Lignum,
877 2699 968 2797 quod
990 2700 1093 2797 sepius
1117 2701 1175 2772 fuit
1197 2701 1370 2773 accensum
1391 2705 1548 2802 &sepius

526 2810 714 2898 extindum,
730 2807 853 2880 facilius
866 2805 1064 2897 accenditur,
1078 2833 1177 2902 quam
1190 2807 1317 2905 lignum
1329 2809 1441 2898 viride,
1458 2811 1549 2907 quod

527 2939 698 3010 nunquam
717 2915 778 2985 fuit
791 2913 972 3002 accensum,
991 2911 1068 2982 ficut
1086 2913 1129 2984 est
1142 2913 1183 2984 de
1196 2914 1330 2985 homine
1347 2916 1477 3006 carnali,
1495 2919 1548 3012 qui

525 3020 632 3115 sepius
645 3023 786 3092 exercuit
804 3021 896 3092 usum
912 3017 1067 3107 libidinis,
1087 3043 1186 3115 quam
1199 3019 1262 3110 ille,
1281 3021 1337 3116 qui
1353 3021 1479 3118 semper
1491 3021 1551 3091 fuit

526 3125 638 3197 castus.

574 3235 667 3303 Item:
697 3233 749 3303 De
770 3230 870 3306 divite
891 3236 926 3303 ἃ
941 3232 1104 3304 luxurioso
1122 3236 1157 3304 ἅ
1173 3259 1382 3330 quocumque
1398 3236 1551 3330 sequente

527 3338 658 3410 delicias
684 3340 797 3409 carnis.
820 3338 928 3430 Caym
950 3339 1109 3412 interfecit
1130 3338 1224 3433 Abel,
1251 3341 1316 3412 hoc
1338 3343 1382 3412 est
1400 3337 1549 3439 possessio

527 3445 931 3540 lucium&penitenciam;
942 3445 1050 3538 Caym
1063 3447 1150 3516 enim
1164 3448 1390 3543 interpretatur
1402 3443 1550 3545 pollelfto

528 3553 562 3622 δι
579 3547 664 3620 Abel
680 3549 793 3621 luslus.

579 3660 673 3727 ltem:
703 3657 758 3726 Pet
774 3654 861 3728 diem
877 3657 1012 3728 Veneris
1034 3684 1096 3754 pro
1115 3657 1236 3730 deliciis
1256 3661 1359 3732 camis
1377 3661 1409 3732 in
1428 3666 1551 3735 comes·

529 3762 619 3834 tione
636 3764 741 3858 pomi,
770 3763 856 3834 satra
874 3787 989 3834 contra
1007 3765 1069 3835 Dei
1085 3789 1288 3862 precepnrm,
1304 3767 1435 3840 intravit
1451 3796 1550 3859 mors,

527 3869 562 3937 ἃ
584 3866 706 3940 eodem
728 3868 791 3961 die,
823 3869 941 3940 scilicet
962 3868 1015 3940 die
1031 3869 1177 3961 Veneris,
1200 3895 1257 3966 per
1278 3875 1380 3943 camis
1401 3879 1551 3948 amaritu-

528 3972 640 4044 dinem
663 3977 793 4047 intravit
810 3977 876 4047 vita
897 3976 931 4045 in
954 4001 1059 4067 cruce,
1084 3979 1118 4046 δι
1139 3975 1342 4073 aperiebantr
1363 3981 1460 4052 ianua
1481 3981 1551 4056 celi.

577 4084 670 4152 ltem:
688 4079 835 4178 Quidam
843 4081 978 4152 rusticus
994 4081 1126 4180 gulosus
1139 4083 1285 4154 comedit
1298 4085 1419 4180 pellem
1433 4093 1552 4160 ventris

528 4183 570 4264 de
586 4185 740 4258 intestinis
757 4184 862 4280 bovis,
878 4188 1061 4286 &propter
1078 4189 1283 4260 tenacitatem
1299 4189 1392 4294 pellis
1404 4193 1554 4270 remansit
