3694 5626
553 481 761 534 OBSIDIONIS
777 482 976 536 DAMlATE.
1204 485 1265 564 113

241 699 319 794 quia
334 695 489 789 sciebant,
506 693 584 768 sicut
601 698 764 768 Dominus
782 723 844 794 pro
860 699 904 770 eis
922 723 1125 796 pugnaverat
1141 701 1175 770 in
1194 703 1345 776 civi-1219

241 829 317 876 tate.
338 803 510 899 Postquam
532 800 746 875 ascenderunt
769 829 911 894 murum,
935 805 1029 901 supra
1048 831 1182 902 portam
1199 831 1271 903 pre·

241 911 356 984 slantes
384 935 461 982 cum
485 907 645 1004 aliquibus
671 910 850 982 Sarracenis
867 907 976 980 adhuc
993 911 1086 1000 vivis,
1116 933 1273 1007 ceperunt

242 1042 344 1088 unam
361 1017 474 1090 turrim
488 1015 665 1088 clamantes
683 1013 725 1086 ad
743 1017 934 1089 exercitum:
950 1021 1132 1106 succurrite,
1147 1022 1272 1113 succur-

242 1129 300 1194 rite
316 1127 413 1208 nulls,
431 1127 562 1214 fratres,
585 1126 724 1213 quonium
746 1128 843 1214 nostru
865 1129 904 1214 est
927 1129 1033 1193 tertul
1060 1122 1095 1194 Et
1116 1147 1273 1220 ceperunt

244 1229 368 1300 dicere:
386 1231 477 1320 Kyrie
495 1230 618 1322 eleison,
634 1229 668 1297 &
686 1227 828 1322 populus
845 1227 1026 1324 respondit:
1046 1231 1155 1300 Gloria
1172 1239 1204 1300 lu
1222 1259 1273 1300 ex·

243 1339 324 1433 celfis
340 1341 420 1422 Deo,
437 1335 472 1408 ὅ(
489 1331 644 1406 dominus
660 1333 787 1430 legatus
808 1332 901 1404 disits
924 1333 966 1406 ‘l'e
983 1339 1083 1405 ‘Deum
1101 1337 1271 1424 laudamus,

216 1529 219 1535 Ι
242 1446 277 1514 ὅ(
294 1440 491 1538 hospitalarii
508 1437 713 1512 clamabantt
730 1443 841 1510 Sancta
861 1444 942 1512 Crux
962 1442 994 1511 δ’
1003 1446 1143 1536 sunc‘lttm
1164 1444 1273 1536 Sepul-

242 1556 343 1622 etrum
357 1549 505 1620 intercede
512 1573 572 1640 pro
587 1549 695 1616 uoblsl
712 1545 746 1616 Et
758 1546 864 1616 statim
875 1570 1086 1618 cucurrerunt
1098 1547 1273 1618 Christiani

241 1655 285 1728 ad
297 1655 406 1743 latias,
419 1653 473 1742 aiij
489 1650 531 1724 ad
545 1651 748 1742 carbonaria,
764 1651 817 1743 ulij
835 1651 878 1722 ad
891 1655 1057 1725 civitatem
1074 1655 1109 1726 δε
1123 1651 1273 1724 combus-

242 1764 350 1835 serunt
371 1785 472 1834 unam
492 1785 624 1855 portam
646 1761 681 1830 ἃ
698 1758 795 1830 aliam
825 1758 1069 1856 confregerunt,
1097 1761 1132 1829 ἀ
1148 1760 1193 1828 ita
1210 1758 1274 1829 Dei

241 1867 346 1964 gratia
363 1867 518 1940 Damiata
534 1891 631 1962 capta
649 1865 701 1936 est.

289 1973 353 2044 LV.
388 1971 519 2061 Audite,
545 1972 658 2046 fratres
678 1972 836 2062 carissimi,
865 1971 1002 2068 qualiter
1028 1969 1194 2044 Dominus
1212 1993 1272 2064 pu·

241 2079 356 2177 gnavit
376 2101 491 2148 contra
508 2077 660 2148 inimicos
677 2077 803 2148 Crucis.
833 2079 924 2174 Quis
940 2078 1064 2147 circum
1083 2078 1273 2146 Damiatam

242 2187 325 2256 inter
342 2180 425 2254 duos
444 2209 555 2254 muros
573 2182 759 2254 fortissimos
776 2207 844 2255 erat
861 2207 1022 2280 magnum
1041 2182 1190 2277 spatium,
1219 2177 1275 2250 ubi

242 2291 408 2362 Sarraceni
429 2311 521 2363 erant
541 2287 606 2360 stne
631 2315 770 2362 numero
793 2290 919 2386 sepulti,
936 2292 972 2360 δι
992 2314 1050 2383 per
1073 2309 1177 2356 totam
1195 2286 1274 2356 civi-

44 2411 110 2457 Mur·
122 2427 144 2472 r·
160 2422 229 2470 ¹¹0³·
244 2421 345 2472 tatem
371 2393 511 2466 fimiliter
537 2417 729 2491 preceptum
757 2421 826 2466 erat
851 2396 932 2468 vivis
956 2391 1089 2489 sepelire
1115 2415 1273 2482 mortuos,

243 2501 675 2598 ubicumqueinvenitentur,
687 2502 728 2572 de
741 2503 876 2572 mortuis
885 2498 1061 2572 iacentibus
1071 2524 1129 2595 per
1140 2498 1273 2592 plateas,

244 2637 302 2706 per
319 2607 451 2701 domos,
480 2613 513 2680 in
536 2634 604 2680 uno
626 2609 711 2679 tecto
733 2631 794 2678 tres
811 2610 846 2678 &
864 2629 1017 2701 quattuor
1037 2605 1179 2674 &vivus
1197 2627 1274 2674 cum

243 2741 388 2803 mortuo,
411 2741 480 2788 non
501 2740 570 2786 erat
590 2739 758 2804 numerus,
788 2712 948 2808 quoniam
975 2735 1057 2780 unus
1075 2707 1275 2780 moriebatur

243 2823 329 2894 circa
347 2821 457 2914 alium,
481 2824 516 2892 ἃ
535 2823 626 2892 vivus
646 2845 715 2890 nou
733 2841 862 2915 poterat
881 2841 1014 2888 movere
1033 2839 1200 2884 mortuum
1217 2840 1274 2910 pte

243 2934 343 3004 nimia
372 2931 557 3002 infirmitate
584 2933 619 3000 ὅ(
645 2927 821 3000 debilitate.
854 2926 921 3022 lpse
950 2924 1115 2996 Dominus
1146 2923 1274 2994 miserat

244 3036 359 3136 [hanc]
384 3037 479 3131 super
507 3035 588 3105 illos.
622 3031 773 3104 latebant
797 3033 948 3103 homines
974 3033 1009 3101 ἃ
1033 3029 1183 3100 mulieres
1209 3024 1274 3097 fine

242 3141 390 3234 vestibus,
408 3141 593 3240 pedibus&
606 3137 755 3212 manibus
768 3140 906 3230 retortis,
920 3132 1160 3232 &corporibus
1175 3134 1274 3205 etiam

242 3276 263 3322 a
286 3247 421 3320 canibus
442 3249 614 3320 dilaniatis.
644 3247 678 3318 Et
703 3246 748 3318 illi
774 3271 895 3344 panem
919 3247 954 3314 δι
979 3267 1101 3337 aquam
1131 3241 1218 3314 iuxta
1242 3239 1273 3309 se

241 3353 408 3446 habentes,
427 3358 462 3428 dt
480 3381 549 3427 non
567 3377 718 3452 poterant
737 3351 921 3440 comedere,
939 3352 974 3420 δι
990 3346 1032 3418 stc
1050 3343 1274 3416 moriebantur

243 3489 279 3534 ut
296 3489 400 3534 canes.
426 3463 478 3533 De
499 3462 573 3533 vitis
594 3459 718 3532 inventi
743 3459 816 3530 sunt
839 3457 909 3553 plus
935 3453 1076 3526 simillia
1099 3451 1273 3522 hominum

242 3573 277 3644 δι
293 3569 477 3642 mulierum.
511 3565 575 3640 Sed
604 3591 720 3636 omnes
751 3563 964 3660 preoccupati
990 3557 1098 3634 valida
1126 3562 1160 3629 ἃ
1186 3557 1273 3631 vatia

242 3675 439 3748 infirmitate.

291 3783 369 3853 LVI.
390 3779 508 3852 Adhuc
526 3777 665 3850 ostendit
682 3779 771 3848 Deus
787 3771 936 3846 fidelibus
953 3773 1014 3843 suis
1034 3769 1193 3842 mirabilia
1205 3769 1271 3856 sua,

246 3889 380 3987 quando
397 3913 479 3960 terra
496 3909 593 3982 capta
606 3885 658 3956 est.
677 3883 809 3955 Flumen
826 3879 1038 3978 permultum
1058 3902 1185 3972 tempus
1199 3901 1274 3947 ante

245 3996 441 4067 diminutum
469 3993 587 4082 fuerat3
623 3994 722 4059 nocie
748 3987 803 4057 illa
829 3989 863 4056 in
889 4009 1017 4056 rantum
1044 3985 1154 4074 crevit,
1181 3979 1274 4078 quod

246 4129 361 4174 omnes
384 4101 481 4174 fovee
502 4121 593 4170 erant
609 4095 707 4192 plene
729 4119 826 4189 aqua,
850 4095 886 4163 ἀ
911 4091 971 4162 fuit
988 4113 1094 4162 tantus
1110 4089 1274 4160 ventus&

245 4236 342 4308 aqua,
364 4205 457 4308 quod
479 4203 631 4280 soldanus
648 4205 684 4274 ὅ(
698 4195 901 4274 Corradinus
921 4221 991 4270 non
1009 4218 1186 4296 potuerunt
1204 4194 1274 4264 suc-

1137 4347 1166 4400 ¹5
