3694 5626
513 573 552 626 IN
574 573 771 626 OBSIDIONE
789 574 985 626 DAMIATE.
1196 576 1257 654 153

241 793 285 866 ad
301 795 446 866 Baetanis
467 797 502 865 ἃ
518 792 609 882 iuffit,
635 819 738 865 totam
755 796 869 866 Siriam
895 796 1002 865 venire
1026 797 1060 865 ἀ
1081 819 1339 868 meamet-1219

241 927 312 972 ram
322 899 546 996 promissionis.
560 899 671 970 Exulia
682 925 791 970 autem
804 924 896 995 parte
907 899 1074 986 soldanus,
1085 927 1139 971 rex
1149 901 1265 998 Egipti‚

243 1007 427 1076 commovit
443 1004 673 1078 Alexandriam
690 1009 725 1076 ἃ
744 1005 945 1078 Babiloniam
966 1008 1000 1076 ἃ
1025 1031 1131 1076 totam
1150 1031 1266 1078 terram

243 1111 347 1209 figipti
373 1115 407 1182 ἃ
431 1114 530 1184 etiam
546 1111 729 1184 Affricanos
754 1111 911 1208 usquead
930 1112 1074 1202 Maroch‚
1099 1137 1134 1182 ut
1151 1139 1267 1186 omnes

244 1219 273 1288 ei
289 1216 494 1290 subvenirent
512 1217 640 1290 dicens:
668 1222 766 1312 Quum
779 1229 809 1316 fi
826 1227 935 1292 civitas
952 1225 1099 1290 Dumium
1125 1251 1142 1290 α
1161 1226 1267 1315 Chris·

243 1331 338 1394 rionis
355 1332 458 1418 fuerit
473 1331 629 1420 superam,
659 1351 722 1396 tota
746 1353 826 1396 terra
855 1333 1046 1420 Pugenorum
1066 1331 1265 1420 superabitur.

244 1429 479 1522 Verumtamen
498 1456 614 1502 omnes
630 1431 705 1500 istos
717 1429 871 1502 infferunt
883 1433 916 1502 in
935 1431 1043 1502 mense
1055 1433 1132 1520 Maij
1149 1435 1266 1505 venire.

116 1544 134 1591 f·
151 1559 197 1605 ¹79
208 1561 229 1590 1-
244 1534 390 1606 Audiens
408 1562 518 1608 autem
540 1537 605 1607 hoc
622 1537 745 1624 califus,
771 1537 900 1608 illorum
921 1540 1150 1634 Agerenorum
1169 1564 1267 1636 papa,

244 1665 320 1713 curn
342 1645 486 1716 maxima
511 1645 651 1714 militum
674 1646 772 1740 copia
798 1671 816 1714 a
844 1645 989 1714 Baetanis
1020 1645 1119 1732 venir,
1145 1644 1268 1718 habens

244 1774 284 1819 ex
306 1747 433 1820 diversis
450 1748 595 1846 partibus
618 1747 705 1822 orbis
723 1749 839 1820 milites
855 1751 977 1841 secum,
998 1775 1140 1846 quorum
1161 1750 1268 1820 multi·

245 1853 394 1926 tudinem
413 1855 617 1928 dinumerare
634 1879 734 1926 nemo
752 1855 918 1926 r'ufficeret.

537 2071 587 2136 Ue
603 2071 706 2158 quintu
724 2095 759 2180 uc
766 2070 854 2161 sextu
865 2093 978 2161 pugna.

294 2276 408 2350 XXVI.
436 2281 468 2349 ln
503 2275 556 2348 die
582 2303 664 2374 ergo
692 2277 892 2348 Pentecostes
917 2305 956 2348 ex
981 2283 1075 2352 omni
1105 2304 1196 2375 parte
1213 2295 1386 2375 1111111116-

246 2408 366 2477 aquarn
383 2386 419 2454 &
435 2407 553 2454 terram
567 2407 724 2456 venerunt
741 2383 783 2454 ad
797 2409 858 2454 nos
868 2385 1141 2480 proieceruntque
1158 2389 1270 2484 ignem

248 2489 340 2584 super
365 2487 565 2560 bertenescas
590 2490 712 2560 nostras
729 2493 763 2560 &
780 2514 935 2585 ceperunt
959 2488 1112 2562 foffarum
1135 2493 1271 2588 implere

248 2595 372 2690 nosque
385 2597 468 2668 inter
486 2597 518 2666 se
530 2597 678 2692 captivos
691 2594 840 2667 dixerunt
853 2595 1017 2668 divisuros.
1035 2598 1271 2670 Verumtamen

248 2726 315 2772 non
333 2703 378 2771 ita
396 2702 547 2798 contigit,
564 2699 619 2771 sed
637 2700 768 2771 illorum
789 2701 881 2772 multi
898 2703 1025 2796 equi&
1042 2705 1165 2797 equites
1182 2731 1272 2776 ama-

248 2808 322 2877 riter
339 2807 411 2877 sunt
427 2810 533 2878 necati
551 2803 782 2901 tristesque'alij
801 2808 1013 2878 retroversum
1030 2810 1102 2879 sunt
1116 2808 1271 2900 conversi,

248 2915 283 2982 δε
299 2913 410 3002 nostri,
425 2913 575 3008 quamvis
589 2913 746 2984 vulnerati
764 2913 907 2984 multi&
924 2911 1020 2984 occifi
1033 2918 1143 3010 pauci,
1163 2918 1272 2986 trium-

248 3017 352 3114 phum
369 3018 442 3088 sunt
459 3017 580 3116 adepti.

297 3123 426 3196 XXVII.
443 3125 538 3196 Tunc
555 3125 813 3196 machinavimus
827 3149 931 3196 cattos
948 3129 982 3196 &
999 3123 1098 3196 scalas
1114 3130 1149 3197 dt
1165 3126 1273 3198 trabu-

251 3253 340 3300 cetot
355 3232 390 3300 ἃ
411 3230 513 3300 multa
537 3231 600 3302 alia
626 3233 757 3328 ingenia
782 3257 843 3328 pro
869 3233 998 3303 civitate
1023 3231 1274 3330 constringenda

250 3337 284 3404 &
301 3335 336 3404 in
354 3334 408 3406 tali
422 3361 522 3432 opere
541 3335 659 3406 fuimus
679 3337 713 3406 in
727 3337 836 3434 vigilia
849 3338 957 3408 saneti
975 3337 1126 3410 Iohannis
1138 3339 1275 3434 Baptiste
1289 3361 1337 3407 nn.
1352 3375 1389 3420 η.
1407 3419 1410 3426 ¹

251 3439 375 3512 civibus
390 3443 425 3511 &
443 3439 580 3512 soldano
594 3467 670 3512 cum
690 3443 751 3516 suis
765 3469 826 3514 nos
843 3441 896 3514 die
913 3467 952 3513 ac
965 3447 1062 3514 noue
1078 3445 1274 3542 impugnan-

252 3542 345 3618 tibus.

300 3651 394 3724 XXV
396 3657 439 3724 ΙΙΙ.
460 3657 494 3724 {n
514 3652 659 3748 predidla
677 3655 787 3751 vigilie
815 3653 887 3750 post
912 3655 1058 3749 vesperas
1083 3651 1169 3748 quafi
1197 3659 1276 3724 odo

252 3758 342 3829 milia
360 3759 563 3856 Paganorum
580 3785 739 3832 venerunt
759 3757 954 3848 adnostros,
981 3761 1014 3830 in
1034 3757 1149 3853 quibus
1168 3761 1277 3832 fuit&
1305 3783 1308 3789 ·

159 3907 165 3914 -
253 3888 368 3934 eorum
397 3889 493 3960 pepe,
523 3865 645 3951 califm,
678 3868 734 3959 qui
759 3891 864 3961 nuper
888 3867 921 3934 in
948 3867 1086 3936 exercitu
1113 3891 1278 3938 venerata

253 3969 410 4059 omanis,
425 3971 576 4064 festaque
588 3969 797 4042 absolucione
811 3967 965 4042 omnibus
978 3971 1123 4068 Paganis,
1137 3973 1279 4042 nostrum

254 4075 357 4144 voluit
382 4073 491 4147 videre
508 4077 683 4147 exercitum
700 4079 734 4146 &
751 4075 846 4147 nobis
874 4075 1042 4146 ostendere
1063 4078 1165 4147 suum.
1194 4078 1278 4254 zui·

255 4175 315 4250 bus
331 4178 413 4272 vifis,
442 4181 600 4254 lohannes
628 4180 670 4252 de
696 4179 838 4254 Arficcio
862 4207 939 4252 cum
955 4205 1109 4277 quattuor
1127 4183 1219 4254 militi
1245 4209 1280 4254 us

255 4285 349 4358 sociis
365 4288 473 4377 exivit,
489 4291 524 4358 ἀ
539 4287 631 4362 multi
643 4288 775 4360 clientes
792 4289 891 4360 secuti
907 4289 980 4360 sunt
996 4314 1083 4359 eum.
1102 4289 1191 4360 Cum
1209 4292 1279 4384 qui·

1143 4437 1176 4472 20
