3694 5626
578 493 623 570 68
859 510 909 561 oe
935 507 1093 560 museus
1116 505 1318 561 smsouuu.

491 767 548 812 1217
578 735 685 806 cornis
698 731 833 822 dicium,
851 730 988 800 castrum
1002 727 1118 798 domni
1131 751 1229 824 pape,
1243 727 1277 797 in
1288 725 1489 822 patrimonio
1505 725 1605 798 saneti

578 842 656 912 Petri
674 837 858 928 fundatum,
884 833 983 906 tribus
1001 831 1176 905 miliaribus
1202 831 1320 903 distans
1338 858 1358 902 a
1376 833 1456 902 mari
1472 835 1507 902 dc
1524 831 1604 904 dua-

578 945 637 1019 bus
655 945 746 1016 dietis
771 970 791 1015 a
807 945 922 1014 Roma.
952 942 1051 1040 Igitur
1074 969 1093 1012 a
1110 939 1232 1014 civibus
1250 940 1447 1014 Cornetanis
1469 938 1604 1010 honeste

577 1053 722 1149 suscepti,
753 1049 794 1122 de
823 1048 889 1120 fide
913 1049 1139 1120 &securitate
1167 1050 1277 1120 litteris
1303 1049 1448 1144 ipsorum
1475 1047 1602 1136 muniti,
1617 1067 1705 1128 praua

578 1163 696 1230 cundia
722 1183 786 1253 que
811 1155 853 1226 ad
880 1155 993 1227 hiemis
1019 1155 1174 1226 solacium
1199 1151 1404 1250 pertinebant
1431 1153 1604 1251 disponere

578 1267 768 1338 curavimus.
787 1265 884 1359 Qios
901 1261 1044 1340 domnus
1058 1287 1145 1359 papa
1163 1259 1306 1359 benigne
1318 1263 1465 1358 suscepit,
1483 1260 1524 1332 de
1541 1263 1603 1333 vir·

577 1397 644 1443 tute
670 1371 891 1442 frisonum&
909 1366 1046 1440 audacia
1070 1372 1105 1439 &
1130 1369 1164 1438 in
1194 1367 1410 1439 destructione
1435 1368 1603 1440 civitatum

577 1479 733 1574 Hispanie
762 1501 832 1546 non
870 1501 985 1573 parum
1019 1476 1155 1572 gavisus.
1199 1476 1268 1571 Qu
1302 1475 1414 1545 nostris
1452 1471 1602 1570 precibus

577 1609 667 1654 aures
684 1583 738 1654 sue
753 1583 926 1654 lancinatis
948 1582 1115 1654 inclinavit
1135 1585 1169 1652 in
1193 1605 1330 1672 tantum,
1350 1605 1386 1651 ut
1402 1582 1602 1653 Veronicam

576 1690 715 1759 Domini
728 1687 823 1760 nobis
835 1689 919 1760 infra
928 1714 1053 1784 paucos
1066 1687 1133 1759 dies
1148 1685 1196 1759 bis
1210 1686 1389 1759 videndam
1400 1687 1600 1758 monstraret.

576 1797 717 1866 Preterea
744 1795 854 1866 litteris
879 1795 940 1864 suis
967 1793 1147 1865 transmissis
1172 1794 1380 1884 Cornetanis,
1405 1791 1601 1864 Biterbienst·

575 1901 645 1993 bus,
669 1903 833 1990 Tuscanis,
857 1901 1027 1972 Veteralsis
1044 1904 1078 1972 ἃ
1101 1903 1212 1972 ceteris
1229 1902 1343 1973 vicinis
1368 1897 1602 1971 civitatibus&

575 2007 682 2077 castris
698 2031 759 2077 nos
777 2033 853 2077 cum
870 2007 971 2078 musta
989 2004 1234 2078 commendavit
1252 2004 1429 2104 diligentia,
1448 2002 1505 2076 sub
1522 2031 1600 2076 ana-

575 2113 725 2186 thematis
742 2113 1006 2185 interminatione
1022 2114 1215 2210 precipiens,
1242 2135 1278 2182 ut
1293 2115 1327 2182 in
1344 2112 1550 2182 commerciis
1565 2114 1601 2181 &

574 2218 793 2291 contradhibus
806 2223 841 2291 δι
857 2222 969 2291 ceteris
987 2217 1167 2291 necessariis
1185 2245 1246 2291 nos
1265 2218 1401 2290 fideliter
1419 2223 1598 2290 [radiarent.

574 2325 679 2425 Quod
696 2325 738 2398 ab
756 2325 907 2399 omnihus
924 2325 1154 2401 inviolabiliter
1170 2327 1214 2396 est
1231 2324 1448 2398 observatum.

441 2413 559 2522 Mssff„
621 2435 718 2530 Igitur
730 2435 836 2506 hieme
850 2439 980 2530 peracia
992 2437 1024 2505 in
1037 2435 1143 2530 prima
1155 2435 1237 2505 veris
1252 2431 1479 2522 adolescentia,
1489 2431 1600 2528 vigilia

573 2540 673 2611 sandi
696 2539 871 2632 Benedisii,
889 2567 986 2612 naves
1004 2545 1038 2611 in
1056 2541 1158 2610 astum
1175 2566 1194 2609 a
1210 2562 1307 2634 portu
1326 2536 1529 2631 deduximus,
1546 2564 1598 2608 ac·

573 2671 668 2742 cepta
683 2647 907 2718 aCornetanis
925 2671 1038 2717 coram
1054 2645 1212 2742 potestate
1229 2647 1264 2716 &
1282 2645 1392 2716 senatu
1410 2646 1598 2717 &universa

573 2755 808 2824 communitate
821 2753 959 2844 licentia,
975 2754 1031 2848 qui
1041 2751 1168 2822 bonum
1181 2752 1379 2848 principium
1393 2751 1520 2822 meliori
1533 2750 1597 2822 fine

572 2859 815 2952 concludentes,
849 2860 980 2931 honeste
1011 2860 1176 2956 susceptos
1210 2858 1373 2929 honestius
1409 2855 1597 2930 dimiserunt

571 2993 647 3038 cum
673 2967 780 3038 multis
804 2963 932 3037 milibus
957 2966 1120 3062 utriusque
1143 2966 1244 3056 sexus,
1273 2991 1349 3035 cum
1372 2989 1528 3060 apparatu
1545 2968 1596 3036 in·

572 3071 701 3170 signi&
718 3074 834 3170 gloria,
852 3099 928 3143 cum
945 3070 1082 3144 baneriis
1099 3077 1134 3144 &
1145 3072 1266 3144 vexillis
1284 3069 1500 3170 quadraginta
1517 3077 1594 3143 ocio

571 3179 737 3274 usquead
762 3205 850 3250 mare
875 3178 1089 3268 deduxerunt,
1119 3177 1173 3248 ubi
1198 3179 1337 3248 collecto
1353 3191 1362 3223 ¹
1377 3202 1460 3268 cetu,
1487 3177 1594 3275 dispo·
1608 3216 1674 3263 034-

570 3284 632 3380 sttis
652 3288 686 3356 in
704 3287 776 3384 giro
801 3285 941 3381 populis,
971 3287 1109 3382 potestas
1127 3285 1346 3371 Cornetanus,
1374 3285 1429 3379 qui
1453 3283 1594 3380 prudens

570 3393 728 3490 &legum
745 3391 953 3483 dociiffimus,
971 3395 1134 3463 frisonum
1147 3389 1247 3463 fidem
1259 3388 1477 3460 &audaciam
1494 3393 1596 3464 multa

570 3498 816 3571 commendavit
833 3497 995 3589 facundia,
1020 3499 1272 3570 satisfasiionem
1300 3493 1438 3567 offerens
1463 3499 1595 3594 sponta-

569 3632 677 3696 neam,
702 3603 722 3674 st
745 3631 810 3700 qua
828 3605 914 3676 fassa
935 3603 1041 3677 fuisset
1059 3609 1092 3677 in
1116 3631 1177 3676 nos
1194 3607 1317 3678 iniuria.
1344 3609 1495 3706 Signatus
1514 3631 1595 3702 quo-

570 3737 635 3808 que
658 3713 807 3801 Corneti,
828 3709 966 3802 Biterbij,
990 3713 1140 3804 Tuscani,
1157 3715 1250 3800 Sene,
1272 3715 1443 3803 Veterasle,
1461 3713 1595 3784 Montis·

568 3819 634 3908 ahi,
660 3815 914 3889 Montifflasconi
936 3821 970 3889 &
987 3843 1121 3910 ceteros,
1147 3821 1203 3915 qui
1219 3821 1253 3890 in
1273 3818 1408 3892 navibus
1426 3821 1539 3891 nostris
1560 3821 1595 3889 in

570 3949 687 3996 terram
705 3926 848 3996 sanciam
865 3925 1096 4023 properabant,
1124 3925 1201 3997 fidei
1226 3928 1332 3997 nostre
1350 3925 1596 3998 commendavit

569 4035 604 4102 ἃ
620 4033 653 4104 in
673 4029 826 4104 omnibus
852 4030 946 4104 nobis
971 4033 1117 4131 precepit
1136 4029 1199 4104 esse
1224 4031 1393 4104 subiectos.
1427 4031 1594 4106 Omnibus

608 4278 618 4314 ι
634 4261 663 4316 A.
678 4259 791 4320 collesiu,
