3694 5626
525 489 565 542 itt
584 489 782 542 OBSIDIONE
799 489 997 544 DAMIATE.
1211 495 1277 573 147

251 703 388 802 quidam
403 706 609 803 Paganorum
628 705 722 802 super
741 729 858 776 omnes
875 731 1026 804 magnus,
1054 709 1110 802 qui
1127 706 1276 804 probisii·
1294 735 1351 782 1218

250 838 344 882 mum
354 811 523 884 hominem
537 814 572 882 ἃ
584 811 720 881 militem
732 811 930 900 Romanum,
945 813 1082 884 nomine
1099 813 1277 886 Nicolaum

251 915 293 988 de
309 919 465 1008 Antonia,
484 915 614 987 occidit.
644 913 749 1014 Quod
766 912 880 989 videns
900 943 954 988 rex
973 917 1141 1010 lohannes,
1159 917 1276 992 dolore

249 1026 340 1122 gravi
364 1023 551 1113 stimulatus,
577 1023 633 1095 ivit
653 1047 794 1118 eumque
821 1047 898 1094 cum
924 1023 1016 1096 clava
1040 1021 1225 1121 percussum
1241 1028 1277 1097 in

249 1154 368 1202 terram
391 1131 529 1226 proiecit
556 1127 795 1224 deiediumquq
829 1131 1024 1202 consociatis
1050 1129 1105 1202 srbi
1130 1131 1276 1228 plurimis

248 1235 445 1328 Christianis,
461 1233 591 1308 occidit

99 1369 234 1430 r0u177a
296 1341 338 1413 X.
360 1340 484 1413 videns
505 1365 615 1413 autem
632 1367 687 1412 rex
703 1341 818 1440 egipti,
844 1339 938 1436 quod
959 1341 1090 1414 fortuna
1107 1345 1136 1413 ei
1158 1369 1275 1417 nover-

248 1471 376 1522 caverat
394 1448 491 1540 mala,
508 1451 543 1518 &
560 1450 649 1520 Deus
666 1445 838 1544 pugnabat
853 1474 916 1544 pro
933 1447 1041 1538 nobie,
1057 1449 1164 1520 statuit
1181 1451 1275 1548 super

248 1583 308 1626 nos
335 1580 405 1628 non
422 1554 561 1650 amplius
579 1556 619 1631 in
635 1551 770 1650 publico
787 1555 895 1624 venire
916 1552 1013 1626 bello
1039 1556 1177 1626 Munivit
1194 1583 1274 1656 ergo

247 1665 352 1760 ripam
369 1657 510 1730 fluminis
528 1685 650 1756 aparte
668 1659 777 1730 nostra
791 1661 962 1754 posuitque
981 1657 1026 1730 ibi
1044 1659 1227 1732 trabucetos
1240 1666 1275 1734 ἃ

246 1792 387 1866 mangos
404 1769 438 1836 δι
453 1765 553 1836 multa
571 1765 681 1856 castra,
699 1763 740 1835 de
757 1763 853 1862 lignis
871 1764 967 1856 facia,
993 1762 1108 1860 quibus
1126 1767 1197 1863 spes
1215 1793 1275 1838 no-

247 1868 294 1942 bis
320 1869 462 1944 intrandi
482 1895 613 1948 ¹terram
637 1869 742 1968 [gipti
770 1870 836 1940 iam
864 1870 923 1940 fuit
947 1869 1078 1942 sublata.
1109 1873 1204 1942 Tunc
1232 1872 1275 1944 ad

245 1977 340 2048 instar
364 1977 506 2048 sraeiitici
527 1976 642 2073 populi
664 1975 848 2046 christianus
881 1979 1036 2048 exercitus
1063 1981 1275 2050 murmuravit

246 2108 360 2154 contra
378 2085 562 2154 Dominum
579 2083 939 2181 legatum&principes
955 2081 1274 2158 dicens:Cunnou-

245 2209 362 2262 xlsTls
387 2209 454 2260 NOS
479 2208 574 2280 HUC,
600 2207 654 2260 UT
680 2207 927 2262 MOREREMUR
952 2208 992 2260 IN
1020 2209 1100 2261 HAC
1124 2209 1274 2262 SOLITU·

246 2301 360 2368 urna?
384 2299 441 2366 Au
458 2314 536 2366 Nou
554 2313 690 2367 nunur
707 2313 901 2366 snruucttn
923 2314 961 2366 ru
979 2314 1172 2368 rnnrruus
1191 2315 1274 2366 noe

246 2409 352 2476 TRIS?
377 2400 501 2499 (Exod,
520 2421 596 2493 XIV,
629 2403 762 2492 11-12.)
787 2407 861 2471 Ecce
882 2409 1004 2499 sticfine
1026 2406 1104 2473 besso
1129 2411 1291 2477 morimur·

246 2513 277 2581 d
291 2519 370 2606 ficut
391 2537 478 2580 curtes
497 2517 528 2579 in
541 2510 653 2604 sabulo
661 2510 829 2602 sepelimur
841 2513 854 2578 l

293 2616 345 2687 Xl.
362 2612 416 2685 Ad
433 2615 493 2686 hec
509 2617 656 2712 precepit
672 2613 826 2684 dominus
842 2613 978 2712 legatus,
1002 2613 1188 2688 triduanum
1205 2617 1274 2690 fieti

245 2727 402 2797 ieiunium
420 2727 454 2794 δι
471 2727 515 2794 ire
533 2723 734 2796 discalciatus
761 2721 804 2796 ad
830 2749 939 2796 veram
961 2727 995 2794 ἃ
1020 2723 1182 2794 vivificam
1205 2753 1275 2798 cru·
1339 2717 1342 2730 ⁵

246 2859 329 2926 cem,
348 2857 383 2904 ut
401 2831 464 2923 ille,
487 2833 541 2926 qui
562 2832 595 2900 in
614 2857 653 2902 ea
668 2827 837 2928 pependit,
860 2829 1043 2904 ostenderet
1061 2829 1156 2903 nobis
1173 2833 1274 2921 viam,

245 2965 304 3038 per
331 2965 432 3036 quam
457 2963 555 3010 naves
579 2939 832 3034 imponeremus.
860 2939 1025 3034 inspiravit
1048 2963 1159 3009 autem
1185 2939 1273 3008 Deus

247 3045 413 3142 quendam
430 3044 610 3132 hominem,
637 3047 693 3139 qui
711 3043 841 3115 accessit
863 3043 906 3114 ad
932 3044 1105 3116 dominum
1128 3045 1274 3140 legatum

246 3157 280 3225 ἃ
297 3151 375 3224 dixit
397 3153 441 3222 ei:
468 3155 610 3238 Domine,
632 3157 709 3222 milri
741 3155 916 3248 inspiratum
938 3159 987 3244 est,
1008 3155 1154 3244 quomodo
1165 3157 1274 3245 fuciu-

246 3289 321 3348 mur‚
339 3285 371 3330 ur
387 3285 475 3330 noves
493 3265 679 3350 imponuntur
696 3260 790 3351 illese.
815 3255 1026 3354 Respondeas
1050 3283 1158 3328 autem
1184 3257 1274 3356 lega-

246 3393 296 3438 tus
313 3365 393 3436 dixit
408 3365 470 3434 eis:
491 3366 580 3457 Quod
603 3367 662 3434 tibi
681 3367 840 3434 revelatum
858 3371 906 3457 est,
915 3369 973 3456 foc
982 3374 1048 3462 fiae
1069 3371 1178 3435 motus
1205 3367 1274 3463 Qui

245 3474 351 3544 statim
368 3495 485 3541 terram
500 3467 740 3542 mensuravit&
757 3495 815 3566 per
833 3468 978 3541 medium
995 3472 1150 3542 exercitus
1168 3472 1275 3546 statuit

246 3575 372 3677 grande
384 3575 453 3648 fieri
471 3572 635 3668 fossatum,
652 3575 695 3646 ad
710 3575 801 3672 quod
820 3577 1008 3648 faciendum
1025 3577 1151 3675 legatus
1169 3582 1203 3650 δι
1220 3607 1274 3652 reu

246 3689 281 3757 δι
298 3711 412 3757 omnes
442 3685 495 3776 aiij
521 3685 682 3782 principes
709 3685 883 3779 cunctique
913 3684 1020 3754 clerici
1045 3687 1080 3754 δε
1103 3683 1176 3756 laici
1197 3711 1274 3760 cum

247 3789 385 3863 fossoriis
402 3793 437 3863 in
454 3789 651 3862 adiutorium
670 3814 890 3878 cucurrerunt,
902 3793 936 3860 ἃ
953 3791 1019 3860 cito
1037 3791 1159 3861 fadium
1176 3791 1230 3864 est.

295 3899 361 3970 ΧΗ.
388 3897 477 3970 Cum
500 3922 608 3969 autem
626 3895 732 3968 fuisset
749 3895 902 3968 fossatum
919 3897 1110 3994 persesium
1139 3899 1275 3996 qualiter

248 4033 305 4104 per
321 4005 425 4102 ipsum
441 4003 516 4077 vasa
541 4002 648 4075 nostra
664 4005 918 4102 imponeremur,
942 4029 1011 4074 non
1029 4004 1274 4078 inveniebamus

249 4109 429 4204 consilium3
447 4136 547 4206 quam
567 4135 706 4208 magnus
720 4136 787 4181 erat
803 4107 896 4180 labor
912 4110 978 4183 ilie!
998 4112 1027 4178 Α
1044 4106 1178 4183 flumine
1186 4113 1274 4182 enim

251 4219 351 4315 usque
368 4245 406 4290 ac
423 4217 545 4289 flumen
563 4213 819 4314 protendebatur
838 4213 1000 4289 fossatum.
